@Comment{
	Maglia group papers
	% }

@article{VanMeervelt-2017,
  author    = {Van Meervelt, Veerle and Soskine, Misha and Singh, Shubham and Schuurman-Wolters, Gea K and 
  Wijma, Hein J and Poolman, Bert and Maglia, Giovanni},
  title     = {{R}eal-{T}ime {C}onformational {C}hanges and {C}ontrolled {O}rientation of {N}ative {P}roteins 
  {I}nside a {P}rotein {N}anoreactor.},
  journal   = {Journal of the American Chemical Society},
  year      = {2017},
  volume    = {139},
  pages     = {18640--18646},
  number    = {51},
  doi       = {10.1021/jacs.7b10106},
  month     = {12}
}

@article{Huang-2017,
  author    = {Huang, Gang and Willems, Kherim and Soskine, Misha and Wloka, Carsten and Maglia, Giovanni},
  title     = {{E}lectro-osmotic capture and ionic discrimination of peptide and protein biomarkers with 
  {FraC} nanopores.},
  journal   = {Nature Communications},
  year      = {2017},
  volume    = {8},
  pages     = {935},
  number    = {1},
  doi       = {10.1038/s41467-017-01006-4},
  month     = {10}
}

@article{Wloka-2017,
  author    = {Wloka, Carsten and Van Meervelt, Veerle and van Gelder, Dewi and Danda, Natasha and Jager, 
  Nienke and Williams, Chris P and Maglia, Giovanni},
  title     = {{L}abel-{F}ree and {R}eal-{T}ime {D}etection of {P}rotein {U}biquitination with a {B}iological 
  {N}anopore.},
  journal   = {{ACS} Nano},
  year      = {2017},
  volume    = {11},
  pages     = {4387--4394},
  number    = {5},
  doi       = {10.1021/acsnano.6b07760},
  month     = {5}
}

@article{Willems-VanMeervelt-2017,
  author    = {Willems, Kherim and Van Meervelt, Veerle and Wloka, Carsten and Maglia, Giovanni},
  title     = {{S}ingle-molecule nanopore enzymology.},
  journal   = {Philosophical transactions of the Royal Society of London. Series B, Biological sciences},
  year      = {2017},
  volume    = {372},
  number    = {1726},
  doi       = {10.1098/rstb.2016.0230},
  month     = {8}
}


@article{Ho-2015,
  author    = {Ho, Ching-Wen and Van Meervelt, Veerle and Tsai, Keng-Chang and De Temmerman, Pieter-Jan and 
  Mast, Jan and Maglia, Giovanni},
  title     = {{E}ngineering a nanopore with co-chaperonin function.},
  journal   = {Science Advances},
  year      = {2015},
  volume    = {1},
  pages     = {e1500905},
  number    = {11},
  doi       = {10.1126/sciadv.1500905},
  month     = {12}
}

@article{Franceschini-2016,
  author    = {Franceschini, Lorenzo and Brouns, Tine and Willems, Kherim and Carlon, Enrico and Maglia, 
  Giovanni},
  title     = {{DNA} {T}ranslocation through {N}anopores at {P}hysiological {I}onic {S}trengths {R}equires 
  {P}recise {N}anoscale {E}ngineering.},
  journal   = {{ACS} Nano},
  year      = {2016},
  volume    = {10},
  pages     = {8394--402},
  number    = {9},
  doi       = {10.1021/acsnano.6b03159},
  month     = {9},
}

@article{Soskine-Biesemans-2015,
  author    = {Soskine, Misha and Biesemans, Annemie and Maglia, Giovanni},
  title     = {{S}ingle-{M}olecule {A}nalyte {R}ecognition with {ClyA} {N}anopores {E}quipped with {I}nternal 
  {P}rotein {A}daptors.},
  journal   = {Journal of the American Chemical Society},
  year      = {2015},
  volume    = {137},
  pages     = {5793--5797},
  number    = {17},
  doi       = {10.1021/jacs.5b01520},
  month     = {5}
}

@article{Biesemans-Soskine-2015,
  author    = {Biesemans, Annemie and Soskine, Misha and Maglia, Giovanni},
  title     = {{A} {P}rotein {R}otaxane {C}ontrols the {T}ranslocation of {P}roteins {A}cross a {ClyA}  
  {N}anopore.},
  journal   = {Nano Letters},
  year      = {2015},
  volume    = {15},
  pages     = {6076--6081},
  number    = {9},
  doi       = {10.1021/acs.nanolett.5b02309},
  month     = {9}
}

@article{VanMeervelt-2014,
  author    = {Van Meervelt, Veerle and Soskine, Misha and Maglia, Giovanni},
  title     = {{D}etection of two isomeric binding configurations in a protein-aptamer complex with a 
  biological nanopore.},
  journal   = {{ACS} Nano},
  year      = {2014},
  volume    = {8},
  pages     = {12826--35},
  number    = {12},
  doi       = {10.1021/nn506077e},
  month     = {12}
}

@article{Soskine-2013,
  author    = {Soskine, Misha and Biesemans, Annemie and De Maeyer, Marc and Maglia, Giovanni},
  title     = {{T}uning the size and properties of {ClyA} nanopores assisted by directed evolution.},
  journal   = {Journal of the American Chemical Society},
  year      = {2013},
  volume    = {135},
  pages     = {13456--63},
  number    = {36},
  doi       = {10.1021/ja4053398},
  month     = {9}
}

@article{Franceschini-2013,
  author    = {Franceschini, Lorenzo and Soskine, Misha and Biesemans, Annemie and Maglia, Giovanni},
  title     = {{A} nanopore machine promotes the vectorial transport of {DNA} across membranes.},
  journal   = {Nature Communications},
  year      = {2013},
  volume    = {4},
  pages     = {2415},
  doi       = {10.1038/ncomms3415},
  month     = {1}
}

@article{Soskine-2012,
  author    = {Soskine, Misha and Biesemans, Annemie and Moeyaert, Benjamien and Cheley, Stephen and Bayley, 
  Hagan and Maglia, Giovanni},
  title     = {{A}n engineered {ClyA} nanopore detects folded target proteins by selective external 
  association and pore entry.},
  journal   = {Nano Letters},
  year      = {2012},
  volume    = {12},
  pages     = {4895--900},
  number    = {9},
  doi       = {10.1021/nl3024438},
  month     = {9}
}

@article{Franceschini-2012,
  author    = {Franceschini, Lorenzo and Mikhailova, Ellina and Bayley, Hagan and Maglia, Giovanni},
  title     = {{N}ucleobase recognition at alkaline pH and apparent pKa of single {DNA} bases immobilised 
  within a biological nanopore.},
  journal   = {Chemical Communications (Cambridge, England)},
  year      = {2012},
  volume    = {48},
  pages     = {1520--2},
  number    = {10},
  doi       = {10.1039/c1cc16124e},
  month     = {2}
}

@article{Maglia-2010,
  author    = {Maglia, Giovanni and Heron, Andrew J. and Stoddart, David and Japrung,
  Deanpen and Bayley, Hagan},
  title     = {{A}nalysis of {S}ingle {N}ucleic {A}cid {M}olecules with {P}rotein {N}anopores},
  booktitle = {{S}ingle {M}olecule {T}ools, {P}art {B}:{S}uper-{R}esolution, {P}article {T}racking,
  {M}ultiparameter, and {F}orce {B}ased {M}ethods},
  series    = {Methods in Enzymology},
  year      = {2010},
  volume    = {475},
  pages     = {591--623},
  doi       = {10.1016/S0076-6879(10)75022-9},
  month     = {1}
}

@article{Maglia-2008,
  author    = {Maglia, Giovanni and Restrepo, Marcela Rincon and Mikhailova, Ellina and Bayley, Hagan},
  title     = {{E}nhanced translocation of single {DNA} molecules through {\textalpha}-hemolysin nanopores by 
  manipulation of internal charge.},
  journal   = {Proceedings of the National Academy of Sciences of the United States of America},
  year      = {2008},
  volume    = {105},
  pages     = {19720--5},
  number    = {50},
  doi       = {10.1073/pnas.0808296105},
  month     = {12}
}

@Comment{
  aHL papers
  % }

@article{Wong-Ekkabut-2016,
  author    = {Wong-Ekkabut, Jirasak and Karttunen, Mikko},
  title     = {Molecular dynamics simulation of water permeation through the   alpha-hemolysin channel.},
  journal   = {Journal of Biological Physics},
  year      = {2016},
  volume    = {42},
  pages     = {133--46},
  number    = {1},
  doi       = {10.1007/s10867-015-9396-x},
  month     = {1}
}


@Comment{
	ClyA papers
	% }

@article{Mueller-2009,
  author    = {Mueller, Marcus and Grauschopf, Ulla and Maier, Timm and Glockshuber, Rudi and Ban, Nenad},
  title     = {{T}he structure of a cytolytic alpha-helical toxin pore reveals its assembly mechanism.},
  journal   = {Nature},
  year      = {2009},
  volume    = {459},
  pages     = {726--30},
  number    = {7247},
  doi       = {10.1038/nature08026},
  month     = {6}
}

@Comment{
  Nanopore/nanochannel conductivity
  % }

@article{Uematsu-2018,
  author    = {Uematsu, Yuki and Netz, Roland R and Bocquet, Lyd√©ric and Bonthuis, Douwe Jan},
  title     = {{C}rossover of the {P}ower-{L}aw {E}xponent for {C}arbon {N}anotube {C}onductivity as a 
  {F}unction of {S}alinity.},
  journal   = {The journal of physical chemistry. B},
  year      = {2018},
  volume    = {122},
  pages     = {2992--2997},
  number    = {11},
  doi       = {10.1021/acs.jpcb.8b01975},
  month     = {3}
}


@Comment{
  Electro-osmotic flow
  % }

@article{Wong-2007,
  author    = {Wong, C T A and Muthukumar, M},
  title     = {{P}olymer capture by electro-osmotic flow of oppositely charged nanopores.},
  journal   = {The Journal of Chemical Physics},
  year      = {2007},
  volume    = {126},
  pages     = {164903},
  number    = {16},
  doi       = {10.1063/1.2723088},
  month     = {4}
}

@article{Mao-2014,
  author    = {Mao, M. and Sherwood, J. D. and Ghosal, S.},
  title     = {{E}lectro-osmotic flow through a nanopore},
  journal   = {Journal of Fluid Mechanics},
  year      = {2014},
  volume    = {749},
  pages     = {167--183},
  doi       = {10.1017/jfm.2014.214},
  month     = {6}
}

@article{Laohakunakorn-2015,
  author    = {Laohakunakorn, N. and Keyser, U. F.},
  title     = {{E}lectroosmotic flow rectification in conical  nanopores.},
  journal   = {Nanotechnology},
  year      = {2015},
  volume    = {26},
  pages     = {275202},
  number    = {27},
  doi       = {10.1088/0957-4484/26/27/275202},
  month     = {7}
}




@article{Laszlo-2017,
  author    = {Laszlo, A H and Derrrington, I M and Gundlach, J H},
  title     = {{S}ubangstrom {M}easurements of {E}nzyme Function {U}sing a {B}iological {N}anopore, {SPRNT}.},
  journal   = {Methods in enzymology},
  year      = {2017},
  volume    = {582},
  pages     = {387--414},
  doi       = {10.1016/bs.mie.2016.09.038},
  month     = {1}
}



@Comment{
  Nanopore reviews
% }

@article{Bayley-2001,
  author    = {Bayley, H and Cremer, P S},
  title     = {Stochastic sensors inspired by biology.},
  journal   = {Nature},
  year      = {2001},
  volume    = {413},
  pages     = {226--30},
  number    = {6852},
  doi       = {10.1038/35093038},
  month     = {9}
}

@article{Restrepo-Perez-2018,
  author    = {Restrepo-P√©rez, Laura and Joo, Chirlmin and Dekker, Cees},
  title     = {Paving the way to single-molecule protein sequencing.},
  journal   = {Nature nanotechnology},
  year      = {2018},
  volume    = {13},
  pages     = {786--796},
  number    = {9},
  doi       = {10.1038/s41565-018-0236-6},
  month     = {9}
}

@article{Maffeo-2012,
  author    = {Maffeo, Christopher and Bhattacharya, Swati and Yoo, Jejoong and Wells, David and Aksimentiev, 
  Aleksei},
  title     = {Modeling and simulation of ion channels.},
  journal   = {Chemical Reviews},
  year      = {2012},
  volume    = {112},
  pages     = {6250--84},
  number    = {12},
  doi       = {10.1021/cr3002609},
  month     = {12}
}



@Comment{
	Lipid bilayer papers
% }

@article{Kucerka-2011,
  author    = {Ku\u{c}erka, Norbert and Nieh, Mu-Ping and Katsaras, John},
  title     = {{F}luid phase lipid areas and bilayer thicknesses of commonly used phosphatidylcholines as a 
  function of temperature.},
  journal   = {Biochimica et Biophysica Acta},
  year      = {2011},
  volume    = {1808},
  pages     = {2761--71},
  number    = {11},
  doi       = {10.1016/j.bbamem.2011.07.022},
  month     = {11}
}


@article{Zhuang-2014,
  author    = {Zhuang, Xiaohong and Makover, Judah R and Im, Wonpil and Klauda, Jeffery B},
  title     = {{A} systematic molecular dynamics simulation study of temperature dependent bilayer structural 
  properties.},
  journal   = {Biochimica et Biophysica Acta},
  year      = {2014},
  volume    = {1838},
  pages     = {2520--9},
  number    = {10},
  doi       = {10.1016/j.bbamem.2014.06.010},
  month     = {10}
}

@article{Gramse-2013,
  author    = {Gramse, G and Dols-Perez, A and Edwards, M A and Fumagalli, L and Gomila, G},
  title     = {{N}anoscale measurement of the dielectric constant of supported lipid bilayers in aqueous 
  solutions with electrostatic force microscopy.},
  journal   = {Biophysical Journal},
  year      = {2013},
  volume    = {104},
  pages     = {1257--62},
  number    = {6},
  doi       = {10.1016/j.bpj.2013.02.011},
  month     = {3}
}


@Comment{
  Nanoscale pressures
% }

@article{Hoogerheide-2014,
  author    = {Hoogerheide, David P and Lu, Bo and Golovchenko, Jene A},
  title     = {{P}ressure-voltage trap for {DNA} near a solid-state nanopore.},
  journal   = {{ACS} Nano},
  year      = {2014},
  volume    = {8},
  pages     = {7384--91},
  number    = {7},
  doi       = {10.1021/nn5025829},
  month     = {7}
}


@Comment{
	Continuum simulations
% }

@article{Hsu-2017,
  author    = {Hsu, Wei-Lun and Harvie, Dalton J. E. and Davidson, Malcolm R. and Dunstan,
  Dave E. and Hwang, Junho and Daiguji, Hirofumi},
  title     = {{V}iscoelectric {E}ffects in {N}anochannel {E}lectrokinetics},
  journal   = {The Journal of Physical Chemistry C},
  year      = {2017},
  volume    = {121},
  pages     = {20517--20523},
  number    = {37},
  doi       = {10.1021/acs.jpcc.7b06798},
  month     = {1},
}



@article{Axelsson-2015,
  author    = {Axelsson, Owe and He, Xin and Neytcheva, Maya},
  title     = {{N}umerical {S}olution of the {T}ime-{D}ependent {N}avier--{S}tokes {E}equation for {V}ariable 
  {D}ensity--{V}ariable {V}iscosity. {P}art {I}},
  journal   = {Mathematical Modelling and Analysis},
  year      = {2015},
  volume    = {20},
  pages     = {232--260},
  number    = {2},
  doi       = {10.3846/13926292.2015.1021395},
  month     = {1}
}

@article{Baldessari-2008-1,
  author    = {Baldessari, Fabio and Santiago, Juan G},
  title     = {{E}lectrokinetics in nanochannels: part {I}. {E}lectric double layer overlap and 
  channel-to-well equilibrium.},
  journal   = {Journal of Colloid and Interface Science},
  year      = {2008},
  volume    = {325},
  pages     = {526--38},
  number    = {2},
  doi       = {10.1016/j.jcis.2008.06.007},
  month     = {9}
}

@article{Baldessari-2008-2,
  author    = {Baldessari, Fabio and Santiago, Juan G},
  title     = {{E}lectrokinetics in nanochannels: part {II}. Mobility dependence on ion density and ionic 
  current measurements.},
  journal   = {Journal of Colloid and Interface Science},
  year      = {2008},
  volume    = {325},
  pages     = {539--46},
  number    = {2},
  doi       = {10.1016/j.jcis.2008.06.008},
  month     = {9}
}

@article{Noskov-2004,
  author    = {Noskov, Sergei Yu and Im, Wonpil and Roux, Beno√Æt},
  title     = {{I}on permeation through the alpha-hemolysin channel: theoretical studies based on {B}rownian 
  dynamics and {P}oisson-{N}ernst-{P}lank electrodiffusion theory.},
  journal   = {Biophysical Journal},
  year      = {2004},
  volume    = {87},
  pages     = {2299--309},
  number    = {4},
  doi       = {10.1529/biophysj.104.044008},
  month     = {10}
}

@article{Pederson-2015,
  author    = {Pederson, Emmanuel D and Barbalas, Jonathan and Drown, Bryon S and Culbertson, Michael J and 
  Keranen Burden, Lisa M and Kasianowicz, John J and Burden, Daniel L},
  title     = {{P}roximal {C}apture {D}ynamics for a {S}ingle {B}iological {N}anopore {S}ensor.},
  journal   = {The Journal of Physical Chemistry B},
  year      = {2015},
  volume    = {119},
  pages     = {10448--55},
  number    = {33},
  doi       = {10.1021/acs.jpcb.5b04955},
  month     = {8}
}

@article{Simakov-2010,
  author    = {Simakov, Nikolay A and Kurnikova, Maria G},
  title     = {{S}oft wall ion channel in continuum representation with application to modeling ion currents 
  in \textalpha-hemolysin.},
  journal   = {The Journal of Physical Chemistry B},
  year      = {2010},
  volume    = {114},
  pages     = {15180--90},
  number    = {46},
  doi       = {10.1021/jp1046062},
  month     = {11}
}

@article{Lu-2012,
  author    = {Lu, Bo and Hoogerheide, David P and Zhao, Qing and Yu, Dapeng},
  title     = {{E}ffective driving force applied on {DNA} inside a solid-state nanopore.},
  journal   = {Physical Review E},
  year      = {2012},
  volume    = {86},
  pages     = {011921},
  number    = {1 Pt 1},
  doi       = {10.1103/PhysRevE.86.011921},
  month     = {7}
}

@article{Chaudhry-2014,
  author    = {Chaudhry, Jehanzeb Hameed and Comer, Jeffrey and Aksimentiev, Aleksei and Olson, Luke N},
  title     = {{A} {S}tabilized {F}inite {E}lement {M}ethod for {M}odified {P}oisson-{N}ernst-{P}lanck 
  {E}quations to {D}etermine {I}on {F}low {T}hrough a {N}anopore.},
  journal   = {Communications in Computational Physics},
  year      = {2014},
  volume    = {15},
  number    = {1},
  doi       = {10.4208/cicp.101112.100413a},
  month     = {1}
}

@article{Rempfer-2016,
  author    = {Rempfer, Georg and Davies, Gary B and Holm, Christian and de Graaf, Joost},
  title     = {{R}educing spurious flow in simulations of electrokinetic phenomena.},
  journal   = {The Journal of Chemical Physics},
  year      = {2016},
  volume    = {145},
  pages     = {044901},
  number    = {4},
  doi       = {10.1063/1.4958950},
  month     = {7},
  file      = {FULLTEXT:/usr/share/i-librarian/www/library/pdfs/0/0/00114.pdf:PDF}
}

@article{Rempfer-2017,
  author    = {Rempfer, Georg and Ehrhardt, Sascha and Holm, Christian and de Graaf, Joost},
  title     = {{N}anoparticle {T}ranslocation through {C}onical {N}anopores: {A} {F}inite {E}lement {S}tudy 
  of {E}lectrokinetic {T}ransport},
  journal   = {Macromolecular Theory and Simulations},
  year      = {2017},
  volume    = {26},
  pages     = {1600051},
  number    = {1},
  doi       = {10.1002/mats.201600051},
  month     = {1}
}


@article{Lin-2016,
  author    = {Lin, Jeng-Yang and Lin, Chih-Yuan and Hsu, Jyh-Ping and Tseng, Shiojenn},
  title     = {{I}onic {C}urrent {R}ectification in a p{H}-{T}unable {P}olyelectrolyte {B}rushes 
  {F}unctionalized {C}onical {N}anopore: {E}ffect of {S}alt {G}radient.},
  journal   = {Analytical Chemistry},
  year      = {2016},
  volume    = {88},
  pages     = {1176--87},
  number    = {2},
  doi       = {10.1021/acs.analchem.5b03074},
  month     = {1}
}

@Comment{
	Ion steric effects
	% }

% Review
@article{Bazant-2009,
  author    = {Bazant, Martin Z and Kilic, Mustafa Sabri and Storey, Brian D and Ajdari, Armand},
  title     = {{T}owards an understanding of induced-charge electrokinetics at large applied voltages in 
  concentrated solutions.},
  journal   = {Advances in colloid and interface science},
  year      = {2009},
  volume    = {152},
  pages     = {48--88},
  number    = {1-2},
  doi       = {10.1016/j.cis.2009.10.001},
  month     = {11}
}


@article{Lu-2011,
  author    = {Lu, Benzhuo and Zhou, Y C},
  title     = {{P}oisson-{N}ernst-{P}lanck equations for simulating biomolecular diffusion-reaction processes 
  {II}: size effects on ionic distributions and diffusion-reaction rates.},
  journal   = {Biophysical Journal},
  year      = {2011},
  volume    = {100},
  pages     = {2475--85},
  number    = {10},
  doi       = {10.1016/j.bpj.2011.03.059},
  month     = {5}
}

@article{Borukhov-1997,
  author    = {Borukhov, Itamar and Andelman, David and Orland, Henri},
  title     = {{S}teric {E}ffects in {E}lectrolytes: {A} {M}odified {P}oisson-{B}oltzmann {E}quation},
  journal   = {Physical Review Letters},
  year      = {1997},
  volume    = {79},
  pages     = {435--438},
  doi       = {10.1103/PhysRevLett.79.435},
  month     = {7}
}

@Comment{
	PNP
	% }

@article{Eisenberg-1996,
  author    = {Eisenberg, R.S.},
  title     = {{C}omputing the {F}ield in {P}roteins and {C}hannels},
  journal   = {Journal of Membrane Biology},
  year      = {1996},
  volume    = {150},
  pages     = {1--25},
  number    = {1},
  doi       = {10.1007/s002329900026},
  month     = {1}
}


@article{Daiguji-2004,
  author    = {Daiguji, Hirofumi and Yang, Peidong and Majumdar, Arun},
  title     = {{I}on {T}ransport in {N}anofluidic {C}hannels},
  journal   = {Nano Letters},
  year      = {2004},
  volume    = {4},
  pages     = {137--142},
  doi       = {10.1021/nl0348185},
  month     = {1}
}


@Comment{
	Problems with continuum models at the nanoscale
	% }


@article{Corry-2000,
  author    = {Corry, B. and Kuyucak, S. and Chung, S. H.},
  title     = {{I}nvalidity of continuum theories of electrolytes in nanopores},
  journal   = {Chemical Physics Letters},
  year      = {2000},
  volume    = {320},
  pages     = {35--41},
  doi       = {10.1016/S0009-2614(00)00206-2},
  month     = {3}
}

@article{Vo-2016,
  author    = {Vo, Truong Quoc and Kim, BoHung},
  title     = {{T}ransport {P}henomena of {W}ater in {M}olecular {F}luidic {C}hannels.},
  journal   = {Scientific Reports},
  year      = {2016},
  volume    = {6},
  pages     = {33881},
  doi       = {10.1038/srep33881},
  month     = {9}
}



@Comment{
	Protein properties: dielectric constant, charge distribution, surface definition...
% }

@article{Li-2013,
  author    = {Li, Lin and Li, Chuan and Zhang, Zhe and Alexov, Emil},
  title     = {{O}n the {D}ielectric "{C}onstant" of {P}roteins: {S}mooth {D}ielectric {F}unction for 
  {M}acromolecular {M}odeling and {I}ts {I}mplementation in {DelPhi}},
  journal   = {Journal of Chemical Theory and Computation},
  year      = {2013},
  volume    = {9},
  pages     = {2126--2136},
  number    = {4},
  doi       = {10.1021/ct400065j},
  month     = {4}
}


@Comment{
	Nanopore MD
% }

@article{Aksimentiev-2005,
  author    = {Aksimentiev, Aleksij and Schulten, Klaus},
  title     = {{I}maging alpha-hemolysin with molecular dynamics: ionic conductance, osmotic permeability, 
  and the electrostatic potential map.},
  journal   = {Biophysical Journal},
  year      = {2005},
  volume    = {88},
  pages     = {3745--61},
  number    = {6},
  doi       = {10.1529/biophysj.104.058727},
  month     = {6}
}

@article{Bhattacharya-2011,
  author    = {Bhattacharya, Swati and Muzard, L and Payet, L and Math√©, Jerome and Bockelmann, Ulrich and 
  Aksimentiev, Aleksei and Viasnoff, Virgile},
  title     = {{R}ectification of the current in alpha-hemolysin pore depends on the cation type: the alkali 
  series probed by {MD} simulations and experiments.},
  journal   = {The Journal of Physical Chemistry C},
  year      = {2011},
  volume    = {115},
  pages     = {4255--4264},
  number    = {10},
  doi       = {10.1021/jp111441p},
  month     = {2}
}

@Comment{
	Confinement and wall effects on ion and water transport properties
% }

@article{Renkin-1954,
  author    = {Renkin, Eugene M.},
  title     = {{F}iltration, diffusion, and molecular sieving through porous cellulose membranes.},
  journal   = {The Journal of General Physiology},
  year      = {1954},
  volume    = {38},
  pages     = {225--43},
  number    = {2},
  doi       = {10.1085/jgp.38.2.225},
  month     = {11}
}

@article{Deen-1987,
  author    = {Deen, William M.},
  title     = {{H}indered transport of large molecules in liquid-filled pores},
  journal   = {{AIC}hE Journal},
  year      = {1987},
  volume    = {33},
  pages     = {1409--1425},
  number    = {9},
  doi       = {10.1002/aic.690330902},
  month     = {1}
}

@article{Dechadilok-2006,
  author    = {Dechadilok, Panadda and Deen, William M.},
  title     = {{H}indrance {F}actors for {D}iffusion and {C}onvection in {P}ores},
  journal   = {Industrial \& Engineering Chemistry Research},
  year      = {2006},
  volume    = {45},
  pages     = {6953--6959},
  number    = {21},
  doi       = {10.1021/ie051387n},
  month     = {1}
}

@article{Anderson-1972,
  author    = {Anderson, John L. and Quinn, John A.},
  title     = {{I}onic mobility in microcapillaries. {A} test for anomalous water structures},
  journal   = {Journal of the Chemical Society, Faraday Transactions 1: Physical Chemistry in Condensed 
  Phases},
  year      = {1972},
  volume    = {68},
  pages     = {744},
  doi       = {10.1039/F19726800744},
  month     = {1}
}


@article{Muthukumar-2014,
  author    = {Muthukumar, M},
  title     = {{C}ommunication: {C}harge, diffusion, and mobility of proteins through nanopores.},
  journal   = {The Journal of Chemical Physics},
  year      = {2014},
  volume    = {141},
  pages     = {081104},
  number    = {8},
  doi       = {10.1063/1.4894401},
  month     = {8}
}

@article{Muthukumar-2010,
  author    = {Muthukumar, M},
  title     = {{T}heory of capture rate in polymer translocation.},
  journal   = {The Journal of Chemical Physics},
  year      = {2010},
  volume    = {132},
  pages     = {195101},
  number    = {19},
  doi       = {10.1063/1.3429882},
  month     = {5}
}

@article{Makarov-1998,
  author    = {Makarov, V. and Feig, M. and Andrews, B. and Pettitt, B.},
  title     = {{D}iffusion of {S}olvent around {B}iomolecular {S}olutes: {A} {M}olecular {D}ynamics 
  {S}imulation {S}tudy},
  journal   = {Biophysical Journal},
  year      = {1998},
  volume    = {75},
  pages     = {150--158},
  doi       = {10.1016/S0006-3495(98)77502-2},
  month     = {7}
}

@article{Pronk-2014,
  author    = {Pronk, Sander and Lindahl, Erik and Kasson, Peter M},
  title     = {{D}ynamic heterogeneity controls diffusion and viscosity near biological interfaces.},
  journal   = {Nature Communications},
  year      = {2014},
  volume    = {5},
  pages     = {3034},
  doi       = {10.1038/ncomms4034},
  month     = {1}
}

@article{Kannam-2017,
  author    = {Kannam, Sridhar Kumar and Downton, Matthew T},
  title     = {{T}ranslational diffusion of proteins in nanochannels.},
  journal   = {The Journal of Chemical Physics},
  year      = {2017},
  volume    = {146},
  pages     = {054108},
  number    = {5},
  doi       = {10.1063/1.4975161},
  month     = {2}
}

@article{McMullen-2017,
  author    = {McMullen, Angus J and Tang, Jay X and Stein, Derek},
  title     = {{N}anopore {M}easurements of {F}ilamentous {V}iruses {R}eveal a {S}ub-nanometer-{S}cale 
  {S}tagnant {F}luid {L}ayer.},
  journal   = {{ACS} Nano},
  year      = {2017},
  volume    = {11},
  pages     = {11669--11677},
  number    = {11},
  doi       = {10.1021/acsnano.7b06767},
  month     = {11}
}

@article{Duan-2010,
  author    = {Duan, Chuanhua and Majumdar, Arun},
  title     = {{A}nomalous ion transport in 2-nm hydrophilic nanochannels.},
  journal   = {Nature Nanotechnology},
  year      = {2010},
  volume    = {5},
  pages     = {848--52},
  number    = {12},
  doi       = {10.1038/nnano.2010.233},
  month     = {12}
}



@Comment{
	Concentration effects on ion and water transport properties
% }

@article{Gavish-2016,
  author    = {Gavish, Nir and Promislow, Keith},
  title     = {{D}ependence of the dielectric constant of electrolyte solutions on ionic concentration: {A} 
  microfield approach.},
  journal   = {Physical Review E},
  year      = {2016},
  volume    = {94},
  pages     = {012611},
  number    = {1-1},
  doi       = {10.1103/PhysRevE.94.012611},
  month     = {7}
}

@article{Hai-Lang-1996,
  author    = {Hai-Lang, Zhang and Shi-Jun, Han},
  title     = {{V}iscosity and {D}ensity of {W}ater + {S}odium {C}hloride + {P}otassium {C}hloride 
  {S}olutions at 298.15 {K}},
  journal   = {Journal of Chemical \& Engineering Data},
  year      = {1996},
  volume    = {41},
  pages     = {516--520},
  number    = {3},
  doi       = {10.1021/je9501402},
  month     = {1}
}

@book{Mills-1989,
  author    = {Mills, R. and Lobo, V.M.M.},
  title     = {{S}elf-diffusion in electrolyte solutions: a critical examination of data compiled from the 
  literature},
  number    = {v. 36},
  isbn      = {9780444416896},
  lccn      = {lc88037012},
  series    = {Physical sciences data},
  url       = {https://books.google.be/books?id=LfeFAAAAIAAJ},
  year      = {1989},
  publisher = {Elsevier}
}

@article{Panopoulos-1986,
  author    = {Panopoulos, Demetrios K. and Kaneko, Hiroyuki and Spiro, Michael},
  title     = {{T}ransference numbers of sodium chloride in concentrated aqueous solutions and chloride 
  conductances in several concentrated electrolyte solutions},
  journal   = {Journal of Solution Chemistry},
  year      = {1986},
  volume    = {15},
  pages     = {243--252},
  number    = {3},
  doi       = {10.1007/BF00646692},
  month     = {1}
}


@article{Currie-1960,
  author    = {Currie, D. J. and Gordon, A. R.},
  title     = {{TRANSFERENCE} {NUMBERS} {FOR} {CONCENTRATED} {AQUEOUS} {SODIUM} {CHLORIDE} {SOLUTIONS},
  {AND} {THE} {IONIC} {CONDUCTANCES} {FOR} {POTASSIUM} {AND} {SODIUM} {CHLORIDES}},
  journal   = {The Journal of Physical Chemistry},
  year      = {1960},
  volume    = {64},
  pages     = {1751--1753},
  number    = {11},
  doi       = {10.1021/j100840a037},
  month     = {1}
}

@article{Smits-1966,
  author    = {Smits, L. J. M. and Duyvis, E. M.},
  title     = {{T}ransport {N}umbers of {C}oncentrated {S}odium {C}hloride {S}olutions at 25{\textdegree}},
  journal   = {The Journal of Physical Chemistry},
  year      = {1966},
  volume    = {70},
  pages     = {2747--2753},
  number    = {9},
  doi       = {10.1021/j100881a007},
  month     = {1}
}

@article{Schonert-2013,
  author    = {Sch√∂nert, Hansj√ºrgen},
  title     = {{T}ransference {N}umbers in the {H2O} + {NaCl} + {MgCl2} System at {T} = 298.15 {K}, 
  {D}etermined in a {F}ive-{C}ompartment {H}ittorf {C}ell},
  journal   = {Journal of Solution Chemistry},
  year      = {2013},
  volume    = {43},
  pages     = {26--39},
  number    = {1},
  doi       = {10.1007/s10953-012-9944-y},
  month     = {1}
}

@article{DellaMonica-1979,
  author    = {Della Monica, Mario and Petrella, G. and Sacco, A. and Bufo, S.},
  title     = {{T}ransference numbers in concentrated sodium chloride solutions},
  journal   = {Electrochimica Acta},
  year      = {1979},
  volume    = {24},
  pages     = {1013--1017},
  number    = {9},
  doi       = {10.1016/0013-4686(79)87099-1},
  month     = {1}
}

@article{Bianchi-1989,
  author    = {Bianchi, Hugo and Corti, Horacio R. and Fern{\'a}ndez-Prini, Roberto},
  title     = {{T}he conductivity of concentrated aqueous mixtures of {NaCl} and {MgCl2} at 25{\textdegree}C},
  journal   = {Journal of Solution Chemistry},
  year      = {1989},
  volume    = {18},
  pages     = {485--491},
  number    = {5},
  doi       = {10.1007/BF00657336},
  month     = {1}
}

@article{Goldsack-1976,
  author    = {Goldsack, Douglas E. and Franchetto, Raymond and Franchetto, Arlene (Anttila)},
  title     = {{S}olvation effects on the conductivity of concentrated electrolyte solutions},
  journal   = {Canadian Journal of Chemistry},
  year      = {1976},
  volume    = {54},
  pages     = {2953--2966},
  number    = {18},
  doi       = {10.1139/v76-418},
  month     = {1}
}


@article{Longsworth-1935,
  author    = {Longsworth, L. G.},
  title     = {{T}ransference {N}umbers of {A}queous {S}olutions of {S}ome {E}lectrolytes at 25{\textdegree} 
  by the {M}oving {B}oundary {M}ethod},
  journal   = {Journal of the American Chemical Society},
  year      = {1935},
  volume    = {57},
  pages     = {1185--1191},
  number    = {7},
  doi       = {10.1021/ja01310a008},
  month     = {1}
}

@article{Kaimakov-1966,
  author    = {Kaimakov, E. A. and Varshavskaya, N. L.},
  title     = {{M}easurement of {T}ransport {N}umbers in {A}queous {S}olutions of {E}lectrolytes},
  journal   = {Russian Chemical Reviews},
  year      = {1966},
  volume    = {35},
  pages     = {89--105},
  doi       = {10.1070/RC1966v035n02ABEH001433},
  month     = {2}
}

@article{Hasted-1948,
  author    = {Hasted, J. B. and Ritson, D. M. and Collie, C. H.},
  title     = {{D}ielectric {P}roperties of {A}queous {I}onic {S}olutions. {P}arts {I} and {II}},
  journal   = {The Journal of Chemical Physics},
  year      = {1948},
  volume    = {16},
  pages     = {1--21},
  doi       = {10.1063/1.1746645},
  month     = {1}
}


@article{ContrerasAburto-2013-1,
  author    = {Contreras-Aburto, Claudio and N√§gele, Gerhard},
  title     = {{A} unifying mode-coupling theory for transport properties of electrolyte solutions. {I}. 
  {G}eneral scheme and limiting laws.},
  journal   = {The Journal of Chemical Physics},
  year      = {2013},
  volume    = {139},
  pages     = {134109},
  number    = {13},
  doi       = {10.1063/1.4822297},
  month     = {10}
}

@article{ContrerasAburto-2013-2,
  author    = {Contreras-Aburto, Claudio and N√§gele, Gerhard},
  title     = {{A} unifying mode-coupling theory for transport properties of electrolyte solutions. {II}. 
  {R}esults for equal-sized ions electrolytes.},
  journal   = {The Journal of Chemical Physics},
  year      = {2013},
  volume    = {139},
  pages     = {134110},
  number    = {13},
  doi       = {10.1063/1.4822298},
  month     = {10}
}


@Comment{
	Software packages
	% }

% MODELLER
@article{Sali-1993,
  author    = {Sali, A and Blundell, T L},
  title     = {{C}omparative protein modelling by satisfaction of spatial restraints.},
  journal   = {Journal of Molecular Biology},
  year      = {1993},
  volume    = {234},
  pages     = {779--815},
  number    = {3},
  doi       = {10.1006/jmbi.1993.1626},
  month     = {12}
}

% APBS
@article{Jurrus-2018,
  author    = {Jurrus, Elizabeth and Engel, Dave and Star, Keith and Monson, Kyle and Brandi, Juan and 
  Felberg, Lisa E and Brookes, David H and Wilson, Leighton and Chen, Jiahui and Liles, Karina and Chun, 
  Minju and Li, Peter and Gohara, David W and Dolinsky, Todd and Konecny, Robert and Koes, David R and 
  Nielsen, Jens Erik and Head-Gordon, Teresa and Geng, Weihua and Krasny, Robert and Wei, Guo-Wei and Holst, 
  Michael J and McCammon, J Andrew and Baker, Nathan A},
  title     = {Improvements to the {APBS} biomolecular solvation software suite.},
  journal   = {Protein Science},
  year      = {2018},
  volume    = {27},
  pages     = {112--128},
  number    = {1},
  doi       = {10.1002/pro.3280},
  month     = {1}
}


% PROPKA
@article{Olsson-2011,
  author    = {Olsson, Mats H M and S√∏ndergaard, Chresten R and Rostkowski, Michal and Jensen, Jan H},
  title     = {{PROPKA3}: {C}onsistent {T}reatment of {I}nternal and {S}urface {R}esidues in {E}mpirical 
  {pKa} {P}redictions.},
  journal   = {Journal of Chemical Theory and Computation},
  year      = {2011},
  volume    = {7},
  pages     = {525--37},
  number    = {2},
  doi       = {10.1021/ct100578z},
  month     = {2}
}

% CHARMM
@article{Best-2012,
  author    = {Best, Robert B and Zhu, Xiao and Shim, Jihyun and Lopes, Pedro E M and Mittal, Jeetain and 
  Feig, Michael and Mackerell, Alexander D},
  title     = {{O}ptimization of the additive {CHARMM} all-atom protein force field targeting improved 
  sampling of the backbone {\textphi}, {\textpsi} and side-chain {\textchi}(1) and {\textchi}(2) dihedral 
  angles.},
  journal   = {Journal of Chemical Theory and Computation},
  year      = {2012},
  volume    = {8},
  pages     = {3257--3273},
  number    = {9},
  doi       = {10.1021/ct300400x},
  month     = {9}
}

% NAMD
@article{Phillips-2005,
  author    = {Phillips, James C and Braun, Rosemary and Wang, Wei and Gumbart, James and Tajkhorshid, Emad 
  and Villa, Elizabeth and Chipot, Christophe and Skeel, Robert D and Kal√©, Laxmikant and Schulten, Klaus},
  title     = {{S}calable molecular dynamics with {NAMD}.},
  journal   = {Journal of computational chemistry},
  year      = {2005},
  volume    = {26},
  pages     = {1781--802},
  number    = {16},
  doi       = {10.1002/jcc.20289},
  month     = {12}
}

% VMD
@article{Humphrey-1996,
  author    = {Humphrey, William and Dalke, Andrew and Schulten, Klaus},
  title     = {{VMD}: {V}isual molecular dynamics},
  journal   = {Journal of Molecular Graphics},
  year      = {1996},
  volume    = {14},
  pages     = {33--38},
  number    = {1},
  doi       = {10.1016/0263-7855(96)00018-5},
}

% VMD Tachyon ray tracing library
@mastersthesis{Stone-1998,
  author = {John Stone},
  title = "{\em An Efficient Library for Parallel Ray Tracing and Animation}",
  school = "Computer Science Department, University of Missouri-Rolla",
  month = "April",
  year = {1998}
}

% MSMS
@article{Sanner-1995,
  author    = {Sanner, Michel F. and Olson, Arthur J. and Spehner, Jean-Claude},
  title     = {{F}ast and robust computation of molecular surfaces},
  booktitle = {Proceedings of the eleventh annual symposium on Computational geometry  -  {SCG} '95},
  year      = {1995},
  pages     = {406--407},
  doi       = {10.1145/220279.220324},
  month     = {1}
}

@Comment{
  Reviews
  % }

@article{Zhang-2016,
  author    = {Zhang, Anqi and Lieber, Charles M},
  title     = {Nano-Bioelectronics.},
  journal   = {Chemical reviews},
  year      = {2016},
  volume    = {116},
  pages     = {215--57},
  number    = {1},
  doi       = {10.1021/acs.chemrev.5b00608},
  month     = {1},
}

@article{Chen-2013,
  author    = {Chen, Chao and Xie, Qingji and Yang, Dawei and Xiao, Hualing and Fu,
  Yingchun and Tan, Yueming and Yao, Shouzhuo},
  title     = {Recent advances in electrochemical glucose biosensors: a review},
  journal   = {{RSC} Advances},
  year      = {2013},
  volume    = {3},
  pages     = {4473},
  number    = {14},
  doi       = {10.1039/c2ra22351a},
  month     = {1},
}


@article{Deamer-2016,
  author    = {Deamer, David and Akeson, Mark and Branton, Daniel},
  title     = {Three decades of nanopore sequencing.},
  journal   = {Nature biotechnology},
  year      = {2016},
  volume    = {34},
  pages     = {518--24},
  number    = {5},
  doi       = {10.1038/nbt.3423},
  month     = {5},
}

