@Comment{
	Maglia group papers
	% }

@article{Willems-Ruic-Biesemans-2019,
  doi = {10.1021/acsnano.8b09137},
  url = {https://doi.org/10.1021/acsnano.8b09137},
  year = {2019},
  month = aug,
  publisher = {American Chemical Society ({ACS})},
  volume = {13},
  number = {9},
  pages = {9980--9992},
  author = {Kherim Willems and Dino Rui{\'{c}} and Annemie Biesemans and Nicole St{\'{e}}phanie Galenkamp and Pol Van Dorpe and Giovanni Maglia},
  title = {{E}ngineering and {M}odeling the {E}lectrophoretic {T}rapping of a {S}ingle {P}rotein {I}nside a {N}anopore},
  journal = {{ACS} Nano}
}

@article{Huang-2019,
  doi = {10.1038/s41467-019-08761-6},
  url = {https://doi.org/10.1038/s41467-019-08761-6},
  year = {2019},
  month = feb,
  publisher = {Springer Nature},
  volume = {10},
  number = {1},
  pages = {835},
  author = {Gang Huang and Arnout Voet and Giovanni Maglia},
  title = {{FraC} {N}anopores with {A}djustable {D}iameter {I}dentify the {M}ass of {O}pposite-{C}harge {P}eptides with 44 {D}alton {R}esolution},
  journal = {Nat. Commun.}
}

@article{Huang-2020,
  doi = {10.1021/acs.nanolett.0c00877},
  url = {https://doi.org/10.1021/acs.nanolett.0c00877},
  year = {2020},
  month = apr,
  publisher = {American Chemical Society ({ACS})},
  volume = {0},
  number = {0},
  pages = {null},
  author = {Gang Huang and Kherim Willems and Mart Bartelds and Pol van Dorpe and Misha Soskine and Giovanni Maglia},
  title = {Electro-Osmotic Vortices Promote the Capture of Folded Proteins by {PlyAB} Nanopores},
  journal = {Nano Lett.}
}

@article{Nomidis-2018,
  doi = {10.1088/1361-648x/aacc01},
  url = {https://doi.org/10.1088/1361-648x/aacc01},
  year = {2018},
  month = jun,
  publisher = {{IOP} Publishing},
  volume = {30},
  number = {30},
  pages = {304001},
  author = {Stefanos K Nomidis and Jef Hooyberghs and Giovanni Maglia and Enrico Carlon},
  title = {{DNA} {C}apture into the {ClyA} {N}anopore: {D}iffusion-{L}imited {V}ersus {R}eaction-{L}imited {P}rocesses},
  journal = {J. Phys. Condens. Matter}
}

@article{Galenkamp-2018,
  author    = {Galenkamp, Nicole St√©phanie and Soskine, Misha and Hermans, Jos and Wloka, Carsten and
               Maglia, Giovanni},
  title     = {{D}irect {E}lectrical {Q}uantification of {G}lucose and {A}sparagine from {B}odily {F}luids {U}sing {N}anopores},
  journal   = {Nat. Commun.},
  year      = {2018},
  volume    = {9},
  pages     = {4085},
  number    = {1},
  doi       = {10.1038/s41467-018-06534-1},
  month     = {10}
}

@article{Galenkamp-2020,
  doi = {10.1038/s41557-020-0437-0},
  url = {https://doi.org/10.1038/s41557-020-0437-0},
  year = {2020},
  month = apr,
  publisher = {Springer Science and Business Media {LLC}},
  author = {Nicole St{\'{e}}phanie Galenkamp and Annemie Biesemans and Giovanni Maglia},
  title = {Directional conformer exchange in dihydrofolate reductase revealed by single-molecule nanopore recordings},
  journal = {Nat. Chem.}
}

@article{VanMeervelt-2017,
  author    = {Van Meervelt, Veerle and Soskine, Misha and Singh, Shubham and Schuurman-Wolters, Gea K and
  Wijma, Hein J and Poolman, Bert and Maglia, Giovanni},
  title     = {{R}eal-{T}ime {C}onformational {C}hanges and {C}ontrolled {O}rientation of {N}ative {P}roteins
  {I}nside a {P}rotein {N}anoreactor},
  journal   = {J. Am. Chem. Soc.},
  year      = {2017},
  volume    = {139},
  pages     = {18640--18646},
  number    = {51},
  doi       = {10.1021/jacs.7b10106},
  month     = {12}
}

@article{Huang-2017,
  author    = {Huang, Gang and Willems, Kherim and Soskine, Misha and Wloka, Carsten and Maglia, Giovanni},
  title     = {{E}lectro-{O}smotic {C}apture and {I}onic {D}iscrimination of {P}eptide and {P}rotein {B}iomarkers with {FraC} {N}anopores},
  journal   = {Nat. Commun.},
  year      = {2017},
  volume    = {8},
  pages     = {935},
  number    = {1},
  doi       = {10.1038/s41467-017-01006-4},
  month     = {10}
}

@article{Wloka-2017,
  author    = {Wloka, Carsten and Van Meervelt, Veerle and van Gelder, Dewi and Danda, Natasha and Jager,
  Nienke and Williams, Chris P and Maglia, Giovanni},
  title     = {{L}abel-{F}ree and {R}eal-{T}ime {D}etection of {P}rotein {U}biquitination with a {B}iological
  {N}anopore.},
  journal   = {{ACS} Nano},
  year      = {2017},
  volume    = {11},
  pages     = {4387--4394},
  number    = {5},
  doi       = {10.1021/acsnano.6b07760},
  month     = {5}
}

@article{Willems-VanMeervelt-2017,
  author    = {Willems, Kherim and Van Meervelt, Veerle and Wloka, Carsten and Maglia, Giovanni},
  title     = {{S}ingle-{M}olecule {N}anopore {E}nzymology},
  journal   = {Philos. Trans. R. Soc. B},
  year      = {2017},
  volume    = {372},
  number    = {1726},
  pages     = {20160230},
  doi       = {10.1098/rstb.2016.0230},
  month     = {8}
}

@article{Ho-2015,
  author    = {Ho, Ching-Wen and Van Meervelt, Veerle and Tsai, Keng-Chang and De Temmerman, Pieter-Jan and
  Mast, Jan and Maglia, Giovanni},
  title     = {{E}ngineering a {N}anopore with {C}o-{C}haperonin {F}unction},
  journal   = {Sci. Adv.},
  year      = {2015},
  volume    = {1},
  pages     = {e1500905},
  number    = {11},
  doi       = {10.1126/sciadv.1500905},
  month     = {12}
}

@article{Franceschini-2016,
  author    = {Franceschini, Lorenzo and Brouns, Tine and Willems, Kherim and Carlon, Enrico and Maglia,
  Giovanni},
  title     = {{DNA} {T}ranslocation through {N}anopores at {P}hysiological {I}onic {S}trengths {R}equires
  {P}recise {N}anoscale {E}ngineering.},
  journal   = {{ACS} Nano},
  year      = {2016},
  volume    = {10},
  pages     = {8394--402},
  number    = {9},
  doi       = {10.1021/acsnano.6b03159},
  month     = {9},
}

@article{Soskine-Biesemans-2015,
  author    = {Soskine, Misha and Biesemans, Annemie and Maglia, Giovanni},
  title     = {{S}ingle-{M}olecule {A}nalyte {R}ecognition with {ClyA} {N}anopores {E}quipped with {I}nternal
  {P}rotein {A}daptors.},
  journal   = {J. Am. Chem. Soc.},
  year      = {2015},
  volume    = {137},
  pages     = {5793--5797},
  number    = {17},
  doi       = {10.1021/jacs.5b01520},
  month     = {5}
}

@article{Biesemans-Soskine-2015,
  author    = {Biesemans, Annemie and Soskine, Misha and Maglia, Giovanni},
  title     = {{A} {P}rotein {R}otaxane {C}ontrols the {T}ranslocation of {P}roteins {A}cross a {ClyA}
  {N}anopore.},
  journal   = {Nano Lett.},
  year      = {2015},
  volume    = {15},
  pages     = {6076--6081},
  number    = {9},
  doi       = {10.1021/acs.nanolett.5b02309},
  month     = {9}
}

@article{VanMeervelt-2014,
  author    = {Van Meervelt, Veerle and Soskine, Misha and Maglia, Giovanni},
  title     = {{D}etection of {T}wo {I}someric {B}inding {C}onfigurations in a {P}rotein-{A}ptamer {C}omplex with a {B}iological {N}anopore},
  journal   = {{ACS} Nano},
  year      = {2014},
  volume    = {8},
  pages     = {12826--35},
  number    = {12},
  doi       = {10.1021/nn506077e},
  month     = {12}
}

@article{Soskine-2013,
  author    = {Soskine, Misha and Biesemans, Annemie and De Maeyer, Marc and Maglia, Giovanni},
  title     = {{T}uning the {S}ize and {P}roperties of {ClyA} {N}anopores {A}ssisted by {D}irected {E}volution},
  journal   = {J. Am. Chem. Soc.},
  year      = {2013},
  volume    = {135},
  pages     = {13456--63},
  number    = {36},
  doi       = {10.1021/ja4053398},
  month     = {9}
}

@article{Franceschini-2013,
  author    = {Franceschini, Lorenzo and Soskine, Misha and Biesemans, Annemie and Maglia, Giovanni},
  title     = {{A} nanopore machine promotes the vectorial transport of {DNA} across membranes},
  journal   = {Nat. Commun.},
  year      = {2013},
  volume    = {4},
  pages     = {2415},
  doi       = {10.1038/ncomms3415},
  month     = {1}
}

@article{Soskine-2012,
  author    = {Soskine, Misha and Biesemans, Annemie and Moeyaert, Benjamien and Cheley, Stephen and Bayley,
  Hagan and Maglia, Giovanni},
  title     = {{A}n {E}ngineered {ClyA} {N}anopore {D}etects {F}olded {T}arget {P}roteins by {S}elective {E}xternal {A}ssociation and {P}ore {E}ntry},
  journal   = {Nano Lett.},
  year      = {2012},
  volume    = {12},
  pages     = {4895--900},
  number    = {9},
  doi       = {10.1021/nl3024438},
  month     = {9}
}

@article{Franceschini-2012,
  author    = {Franceschini, Lorenzo and Mikhailova, Ellina and Bayley, Hagan and Maglia, Giovanni},
  title     = {{N}ucleobase {R}ecognition at {A}lkaline {pH} and {A}pparent {pKa} of {S}ingle {DNA} {B}ases {I}mmobilised within a {B}iological {N}anopore},
  journal   = {ChemComm},
  year      = {2012},
  volume    = {48},
  pages     = {1520--2},
  number    = {10},
  doi       = {10.1039/c1cc16124e},
  month     = {2}
}

@incollection{Maglia-2010,
  author    = {Maglia, Giovanni and Heron, Andrew J. and Stoddart, David and Japrung,
  Deanpen and Bayley, Hagan},
  editor    = {Nils G. Walter},
  title     = {{C}hapter 22 - {A}nalysis of {S}ingle {N}ucleic {A}cid {M}olecules with {P}rotein {N}anopores},
  booktitle = {{S}ingle {M}olecule {T}ools, {P}art {B}:{S}uper-{R}esolution, {P}article {T}racking,
  {M}ultiparameter, and {F}orce {B}ased {M}ethods},
  series    = {Methods Enzymol.},
  year      = {2010},
  volume    = {475},
  pages     = {591--623},
  doi       = {10.1016/S0076-6879(10)75022-9},
  month     = {1},
  issn      = {0076-6879},
}

@article{Maglia-2008,
  author    = {Maglia, Giovanni and Restrepo, Marcela Rincon and Mikhailova, Ellina and Bayley, Hagan},
  title     = {{E}nhanced {T}ranslocation of {S}ingle {DNA} {M}olecules through {\textalpha}-{H}emolysin {N}anopores by {M}anipulation of {I}nternal {C}harge},
  journal   = {Proc. Natl. Acad. Sci. U.S.A.},
  year      = {2008},
  volume    = {105},
  pages     = {19720--5},
  number    = {50},
  doi       = {10.1073/pnas.0808296105},
  month     = {12}
}

@Comment{
  aHL papers
  % }

@article{Wong-Ekkabut-2016,
  author    = {Wong-Ekkabut, Jirasak and Karttunen, Mikko},
  title     = {{M}olecular {D}ynamics {S}imulation of {W}ater {P}ermeation through the {A}lpha-{H}emolysin {C}hannel},
  journal   = {J. Biol. Phys.},
  year      = {2016},
  volume    = {42},
  pages     = {133--46},
  number    = {1},
  doi       = {10.1007/s10867-015-9396-x},
  month     = {1}
}

@article{Aguilella-Arzo-2017,
  author    = {Aguilella-Arzo, Marcel and Queralt-Mart√≠n, Mar√≠a and Lopez, Mar√≠a-Lid√≥n
              and Alcaraz, Antonio},
  title     = {{F}luctuation-{D}riven {T}ransport in {B}iological {N}anopores. {A} {3D}
               {P}oisson-{N}ernst-{P}lanck {S}tudy},
  journal   = {Entropy},
  year      = {2017},
  volume    = {19},
  pages     = {116},
  doi       = {10.3390/e19030116},
  month     = {3}
  }

@article{Simakov-2018,
  author    = {Simakov, Nikolay A and Kurnikova, Maria G},
  title     = {{M}embrane {P}osition {D}ependency of the {pK\textsubscript{a}} and {C}onductivity of the
               {P}rotein {I}on {C}hannel},
  journal   = {J. Membr. Biol.},
  year      = {2018},
  volume    = {251},
  pages     = {393--404},
  number    = {3},
  doi       = {10.1007/s00232-018-0013-3},
  month     = {6}
}


@Comment{
	ClyA papers
	% }

@article{Mueller-2009,
  author    = {Mueller, Marcus and Grauschopf, Ulla and Maier, Timm and Glockshuber, Rudi and Ban, Nenad},
  title     = {{T}he {S}tructure of a {C}ytolytic {A}lpha-{H}elical {T}oxin {P}ore {R}eveals {I}ts {A}ssembly {M}echanism},
  journal   = {Nature},
  year      = {2009},
  volume    = {459},
  pages     = {726--30},
  number    = {7247},
  doi       = {10.1038/nature08026},
  month     = {6}
}

@article{Desikan-2017,
  doi = {10.1007/s12039-017-1316-0},
  url = {https://doi.org/10.1007/s12039-017-1316-0},
  year = {2017},
  month = jun,
  publisher = {Springer Science and Business Media {LLC}},
  volume = {129},
  number = {7},
  pages = {1017--1030},
  author = {Rajat Desikan and Swarna M Patra and Kumar Sarthak and Prabal K Maiti and K G Ayappa},
  title = {{C}omparison of {C}oarse-{G}rained ({MARTINI}) {A}nd {A}tomistic {M}olecular {D}ynamics {S}imulations of {\textalpha} and {\textbeta} {T}oxin {N}anopores in {L}ipid {M}embranes},
  journal = {J. Chem. Sci.}
}

@Comment{
  DNA translocation\sequencing
  % }

@article{Kasianowicz-1996,
  author    = {Kasianowicz, J J and Brandin, E and Branton, D and Deamer, D W},
  title     = {{C}haracterization of {I}ndividual {P}olynucleotide {M}olecules {U}sing a {M}embrane {C}hannel},
  journal   = {Proc. Natl. Acad. Sci. U.S.A.},
  year      = {1996},
  volume    = {93},
  pages     = {13770--3},
  number    = {24},
  doi       = {10.1073/pnas.93.24.13770},
  month     = {11}
}

@article{Meller-2000,
  author    = {Meller, A and Nivon, L and Brandin, E and Golovchenko, J and Branton, D},
  title     = {{R}apid {N}anopore {D}iscrimination {B}etween {S}ingle {P}olynucleotide {M}olecules},
  journal   = {Proc. Natl. Acad. Sci. U.S.A.},
  year      = {2000},
  volume    = {97},
  pages     = {1079--84},
  number    = {3},
  month     = {2}
}

@article{Wanunu-2009,
  doi = {10.1038/nnano.2009.379},
  url = {https://doi.org/10.1038/nnano.2009.379},
  year = {2009},
  month = dec,
  publisher = {Springer Science and Business Media {LLC}},
  volume = {5},
  number = {2},
  pages = {160--165},
  author = {Meni Wanunu and Will Morrison and Yitzhak Rabin and Alexander Y. Grosberg and Amit Meller},
  title = {{E}lectrostatic {F}ocusing of {U}nlabelled {DNA} into {N}anoscale {P}ores {U}sing a {S}alt {G}radient},
  journal = {Nat. Nanotechnol.}
}

@article{Stoddart-2009,
  author    = {Stoddart, David and Heron, Andrew J and Mikhailova, Ellina and Maglia, Giovanni and
              Bayley, Hagan},
  title     = {{S}ingle-{N}ucleotide {D}iscrimination in {I}mmobilized {DNA} {O}ligonucleotides with a
              {B}iological {N}anopore},
  journal   = {Proc. Natl. Acad. Sci. U.S.A.},
  year      = {2009},
  volume    = {106},
  pages     = {7702--7},
  number    = {19},
  doi       = {10.1073/pnas.0901054106},
  month     = {5}
}

# Oxford nanopore
@article{Jain-2018,
  author    = {Jain, Miten and Koren, Sergey and Miga, Karen H and Quick, Josh and Rand, Arthur C and
                Sasani, Thomas A and Tyson, John R and Beggs, Andrew D and Dilthey, Alexander T and
                Fiddes, Ian T and Malla, Sunir and Marriott, Hannah and Nieto, Tom and O, B and dy,
                Justin and Olsen, Hugh E and Pedersen, Brent S and Rhie, Arang and Richardson, Hollian
                and Quinlan, Aaron R and Snutch, Terrance P and Tee, Louise and Paten, Benedict and
                Phillippy, Adam M and Simpson, Jared T and Loman, Nicholas J and Loose, Matthew},
  title     = {{N}anopore {S}equencing and {A}ssembly of a {H}uman {G}enome with {U}ltra-{L}ong {R}eads},
  journal   = {Nat. Biotechnol.},
  year      = {2018},
  volume    = {36},
  pages     = {338--345},
  number    = {4},
  doi       = {10.1038/nbt.4060},
  month     = {4}
}

@article{Butler-2008,
  author    = {Butler, Tom Z and Pavlenok, Mikhail and Derrington, Ian M and Niederweis, Michael and
               Gundlach, Jens H},
  title     = {{S}ingle-{M}olecule {DNA} {D}etection with an {E}ngineered {MspA} {P}rotein {N}anopore},
  journal   = {Proc. Natl. Acad. Sci. U.S.A.},
  year      = {2008},
  volume    = {105},
  pages     = {20647--52},
  number    = {52},
  doi       = {10.1073/pnas.0807514106},
  month     = {12}
}

@Comment{
  Protein translocation\sequencing
  % }

@article{Stefureac-2006,
  doi = {10.1021/bi0604835},
  url = {https://doi.org/10.1021/bi0604835},
  year = {2006},
  month = aug,
  publisher = {American Chemical Society ({ACS})},
  volume = {45},
  number = {30},
  pages = {9172--9179},
  author = {Radu Stefureac and Yi-tao Long and Heinz-Bernhard Kraatz and Peter Howard and Jeremy S. Lee},
  title = {{T}ransport of {\textalpha}-{H}elical {P}eptides through {\textalpha}-{H}emolysin and {A}erolysin {P}ores},
  journal = {Biochemistry}
}

@article{Talaga-2009,
  author    = {Talaga, David S and Li, Jiali},
  title     = {{S}ingle-{M}olecule {P}rotein {U}nfolding in {S}olid {S}tate {N}anopores},
  journal   = {J. Am. Chem. Soc.},
  year      = {2009},
  volume    = {131},
  pages     = {9287--97},
  number    = {26},
  doi       = {10.1021/ja901088b},
  month     = {7}
}

@article{Rodriguez-Larrea-2013,
  author    = {Rodriguez-Larrea, David and Bayley, Hagan},
  title     = {{M}ultistep {P}rotein {U}nfolding {D}uring {N}anopore {T}ranslocation},
  journal   = {Nat. Nanotechnol.},
  year      = {2013},
  volume    = {8},
  pages     = {288--95},
  number    = {4},
  doi       = {10.1038/nnano.2013.22},
  month     = {4}
}

@article{Nivala-2013,
  author    = {Nivala, Jeff and Marks, Douglas B and Akeson, Mark},
  title     = {{U}nfoldase-{M}ediated {P}rotein {T}ranslocation through an {\textalpha}-{H}emolysin {N}anopore},
  journal   = {Nat. Biotechnol.},
  year      = {2013},
  volume    = {31},
  pages     = {247--50},
  number    = {3},
  doi       = {10.1038/nbt.2503},
  month     = {3}
}

@article{Kennedy-2016,
  author    = {Kennedy, Eamonn and Dong, Zhuxin and Tennant, Clare and Timp, Gregory},
  title     = {{R}eading the {P}rimary {S}tructure of a {P}rotein with 0.07~nm {R}esolution {U}sing a
              {S}ubnanometre-{D}iameter {P}ore},
  journal   = {Nat. Nanotechnol.},
  year      = {2016},
  volume    = {11},
  pages     = {968--976},
  number    = {11},
  doi       = {10.1038/nnano.2016.120},
  month     = {11}
}

@article{Li-2018,
  doi = {10.1002/celc.201800288},
  url = {https://doi.org/10.1002/celc.201800288},
  year = {2018},
  month = may,
  publisher = {Wiley},
  volume = {6},
  number = {1},
  pages = {126--129},
  author = {Shuang Li and Chan Cao and Jie Yang and Yi-Tao Long},
  title = {{D}etection of {P}eptides with {D}ifferent {C}harges and {L}engths by {U}sing the {A}erolysin {N}anopore},
  journal = {{ChemElectroChem}}
}

@article{Buchsbaum-2013,
  doi = {10.1021/nl401968r},
  url = {https://doi.org/10.1021/nl401968r},
  year = {2013},
  month = jul,
  publisher = {American Chemical Society ({ACS})},
  volume = {13},
  number = {8},
  pages = {3890--3896},
  author = {Steven F. Buchsbaum and Nick Mitchell and Hugh Martin and Matt Wiggin and Andre Marziali and Peter V. Coveney and Zuzanna Siwy and Stefan Howorka},
  title = {{D}isentangling {S}teric and {E}lectrostatic {F}actors in {N}anoscale {T}ransport through {C}onfined {S}pace},
  journal = {Nano Lett.}
}

@Comment{
  Biomarker recognition
  % }

@article{Niedzwiecki-2013,
  author    = {Niedzwiecki, David J and Iyer, Raghuvaran and Borer, Philip N and Movileanu, Liviu},
  title     = {{S}ampling a {B}iomarker of the {H}uman {I}mmunodeficiency {V}irus {A}cross a {S}ynthetic
              {N}anopore},
  journal   = {{ACS} Nano},
  year      = {2013},
  volume    = {7},
  pages     = {3341--50},
  number    = {4},
  doi       = {10.1021/nn400125c},
  month     = {4}
}

@article{Liu-2018,
  author    = {Liu, Lei and Li, Ting and Zhang, Shouwen and Song, Peng and Guo, Bingyuan
              and Zhao, Yuliang and Wu, Hai-Chen},
  title     = {{S}imultaneous {Q}uantification of {M}ultiple {C}ancer {B}iomarkers in {B}lood {S}amples
              through {DNA}-{A}ssisted {N}anopore {S}ensing},
  journal   = {Angew. Chem.},
  year      = {2018},
  volume    = {130},
  pages     = {12058--12063},
  number    = {37},
  doi       = {10.1002/ange.201803324},
  month     = {1}
}

@Comment{
  Nanopore enzymology
  % }

@article{Lieberman-2010,
  author    = {Lieberman, Kate R and Cherf, Gerald M and Doody, Michael J and Olasagasti,
              Felix and Kolodji, Yvette and Akeson, Mark},
  title     = {{P}rocessive {R}eplication of {S}ingle {DNA} {M}olecules in a {N}anopore {C}atalyzed by
              phi29 {DNA} {P}olymerase},
  journal   = {J. Am. Chem. Soc.},
  year      = {2010},
  volume    = {132},
  pages     = {17961--72},
  number    = {50},
  doi       = {10.1021/ja1087612},
  month     = {12}
}


@Comment{
  Nanopore/nanochannel conductivity
  % }

@article{Uematsu-2018,
  author    = {Uematsu, Yuki and Netz, Roland R and Bocquet, Lyd√©ric and Bonthuis, Douwe Jan},
  title     = {{C}rossover of the {P}ower-{L}aw {E}xponent for {C}arbon {N}anotube {C}onductivity as a
  {F}unction of {S}alinity},
  journal   = {J. Phys. Chem. B},
  year      = {2018},
  volume    = {122},
  pages     = {2992--2997},
  number    = {11},
  doi       = {10.1021/acs.jpcb.8b01975},
  month     = {3}
}

@Comment{
  Polymer capture
  % }

@article{Grosberg-2010,
  author    = {Grosberg, Alexander Y and Rabin, Yitzhak},
  title     = {{DNA} {C}apture into a {N}anopore: {I}nterplay of {D}iffusion and {E}lectrohydrodynamics},
  journal   = {J. Chem. Phys.},
  year      = {2010},
  volume    = {133},
  pages     = {165102},
  number    = {16},
  doi       = {10.1063/1.3495481},
  month     = {10}
}


@Comment{
  Electro-osmotic flow
  % }

@article{Thompson-2003,
  doi = {10.1063/1.1609194},
  url = {https://doi.org/10.1063/1.1609194},
  year = {2003},
  month = oct,
  publisher = {{AIP} Publishing},
  volume = {119},
  number = {14},
  pages = {7503--7511},
  author = {Aidan P. Thompson},
  title = {{N}onequilibrium {M}olecular {D}ynamics {S}imulation of {E}lectro-{O}smotic {F}low in a {C}harged {N}anopore},
  journal = {J. Chem. Phys.}
}

@article{Qiao-Aluru-2003,
	author     = {Qiao, R. and Aluru, N. R.},
	title      = {{I}on {C}oncentrations and {V}elocity {P}rofiles in {N}anochannel {E}lectroosmotic {F}lows},
	volume     = {118},
	language   = {en},
	number     = {10},
	journal    = {J. Chem. Phys.},
	month      = {2},
	year       = {2003},
	pages      = {4692},
  doi        = {10.1063/1.1543140}
}

@article{Wong-2007,
  author    = {Wong, C T A and Muthukumar, M},
  title     = {{P}olymer {C}apture by {E}lectro-{O}smotic {F}low of {O}ppositely {C}harged {N}anopores},
  journal   = {J. Chem. Phys.},
  year      = {2007},
  volume    = {126},
  pages     = {164903},
  number    = {16},
  doi       = {10.1063/1.2723088},
  month     = {4}
}

@article{vanDorp-2009,
  doi = {10.1038/nphys1230},
  url = {https://doi.org/10.1038/nphys1230},
  year = {2009},
  month = mar,
  publisher = {Springer Nature},
  volume = {5},
  number = {5},
  pages = {347--351},
  author = {Stijn van Dorp and Ulrich F. Keyser and Nynke H. Dekker and Cees Dekker and Serge G. Lemay},
  title = {{O}rigin of the {E}lectrophoretic {F}orce on {DNA} in {S}olid-{S}tate {N}anopores},
  journal = {Nat. Phys.}
}

@article{Firnkes-2010,
  doi = {10.1021/nl100861c},
  url = {https://doi.org/10.1021/nl100861c},
  year = {2010},
  month = jun,
  publisher = {American Chemical Society ({ACS})},
  volume = {10},
  number = {6},
  pages = {2162--2167},
  author = {Matthias Firnkes and Daniel Pedone and Jelena Knezevic and Markus D{\"{o}}blinger and Ulrich Rant},
  title = {{E}lectrically {F}acilitated {T}ranslocations of {P}roteins through {S}ilicon {N}itride {N}anopores: {C}onjoint and {C}ompetitive {A}ction of {D}iffusion, {E}lectrophoresis, and {E}lectroosmosis},
  journal = {Nano Lett.}
}

@article{Mao-2014,
  author    = {Mao, M. and Sherwood, J. D. and Ghosal, S.},
  title     = {{E}lectro-{O}smotic {F}low through a {N}anopore},
  journal   = {J. Fluid Mech.},
  year      = {2014},
  volume    = {749},
  pages     = {167--183},
  doi       = {10.1017/jfm.2014.214},
  month     = {6}
}

@article{Laohakunakorn-2015,
  author    = {Laohakunakorn, N. and Keyser, U. F.},
  title     = {{E}lectroosmotic {F}low {R}ectification in {C}onical {N}anopores},
  journal   = {Nanotechnology},
  year      = {2015},
  volume    = {26},
  pages     = {275202},
  number    = {27},
  doi       = {10.1088/0957-4484/26/27/275202},
  month     = {7}
}

@article{Haywood-2014,
  author    = {Haywood, Daniel G and Harms, Zachary D and Jacobson, Stephen C},
  title     = {{E}lectroosmotic {F}low in {N}anofluidic {C}hannels},
  journal   = {Anal. Chem.},
  year      = {2014},
  volume    = {86},
  pages     = {11174--80},
  number    = {22},
  doi       = {10.1021/ac502596m},
  month     = {11},
  file      = {FULLTEXT:/usr/share/i-librarian/www/library/pdfs/0/0/00192.pdf:PDF}
}

@article{Bonome-2017,
  author    = {Bonome, Emma Letizia and Cecconi, Fabio and Chinappi, Mauro},
  title     = {{E}lectroosmotic {F}low through an {\textalpha}-{H}emolysin {N}anopore},
  journal   = {Microfluid. Nanofluid.},
  year      = {2017},
  volume    = {21},
  number    = {5},
  doi       = {10.1007/s10404-017-1928-1},
  month     = {1}
}

@article{Zhang-2014,
  author    = {Zhang, Chengbin and Lu, Pengfei and Chen, Yongping},
  title     = {{M}olecular {D}ynamics {S}imulation of {E}lectroosmotic {F}low in {R}ough {N}anochannels},
  journal   = {Int. Commun. Heat Mass Transf.},
  year      = {2014},
  volume    = {59},
  pages     = {101--105},
  doi       = {10.1016/j.icheatmasstransfer.2014.10.024},
  month     = {1}
}

@article{Melnikov-2017,
  doi = {10.1103/physreve.95.063105},
  url = {https://doi.org/10.1103/physreve.95.063105},
  year = {2017},
  month = jun,
  publisher = {American Physical Society ({APS})},
  volume = {95},
  number = {6},
  pages = {063105},
  author = {Dmitriy V. Melnikov and Zachery K. Hulings and Maria E. Gracheva},
  title = {{E}lectro-{O}smotic {F}low through {N}anopores in {T}hin and {U}ltrathin {M}embranes},
  journal = {Phys. Rev. E}
}


@Comment{
  Translocation simulation
  % }

@article{Belkin-2016,
  author    = {Belkin, Maxim and Aksimentiev, Aleksei},
  title     = {{M}olecular {D}ynamics {S}imulation of {DNA} {C}apture and {T}ransport in {H}eated {N}anopores},
  journal   = {{ACS} Appl. Mater. Interfaces},
  year      = {2016},
  volume    = {8},
  pages     = {12599--608},
  number    = {20},
  doi       = {10.1021/acsami.6b00463},
  month     = {5}
}

@article{DiMarino-2015,
  author    = {Di Marino, Daniele and Bonome, Emma Letizia and Tramontano, Anna and Chinappi, Mauro},
  title     = {{A}ll-{A}tom {M}olecular {D}ynamics {S}imulation of {P}rotein {T}ranslocation through an
              {\textalpha}-{H}emolysin {N}anopore},
  journal   = {J. Phys. Chem. Lett.},
  year      = {2015},
  volume    = {6},
  pages     = {2963--8},
  number    = {15},
  doi       = {10.1021/acs.jpclett.5b01077},
  month     = {8}
}

@article{Luan-2008,
  author    = {Luan, Binquan and Aksimentiev, Aleksei},
  title     = {{E}lectro-{O}smotic {S}creening of the {DNA} {C}harge in a {N}anopore},
  journal   = {Phys. Rev. E},
  year      = {2008},
  volume    = {78},
  pages     = {021912},
  number    = {2 Pt 1},
  doi       = {10.1103/PhysRevE.78.021912},
  month     = {8}
}

@Comment{
  Brownian dynamics
  % }

@article{Schirmer-1999,
  author    = {Schirmer, T and Phale, P S},
  title     = {{B}rownian {D}ynamics {S}imulation of {I}on {F}low through {P}orin {C}hannels},
  journal   = {J. Mol. Biol.},
  year      = {1999},
  volume    = {294},
  pages     = {1159--67},
  number    = {5},
  doi       = {10.1006/jmbi.1999.3326},
  month     = {12}
}

@article{Millar-2008,
  author    = {Millar, C. and Madathil, R. and Beckstein, O. and Sansom, M. S. P. and Roy, S. and
               Asenov, A.},
  title     = {{B}rownian {S}imulation of {C}harge {T}ransport in {\textalpha}-Haemolysin},
  journal   = {J. Comput. Electron.},
  year      = {2008},
  volume    = {7},
  pages     = {28--33},
  number    = {1},
  doi       = {10.1007/s10825-008-0230-6},
  month     = {1}
}

@article{Egwolf-2010,
  author    = {Egwolf, Bernhard and Luo, Yun and Walters, D Eric and Roux, Beno√Æt},
  title     = {{I}on {S}electivity of {A}lpha-{H}emolysin with {B}eta-{C}yclodextrin {A}dapter. {II}.
              {M}ulti-{I}on {E}ffects {S}tudied with {G}rand {C}anonical {M}onte {C}arlo/{B}rownian
              {D}ynamics {S}imulations},
  journal   = {J. Phys. Chem. B},
  year      = {2010},
  volume    = {114},
  pages     = {2901--9},
  number    = {8},
  doi       = {10.1021/jp906791b},
  month     = {3}
}

@article{DeBiase-2015,
  author    = {De Biase, Pablo M and Markosyan, Suren and Noskov, Sergei},
  title     = {{BROMOC} suite: {M}onte {C}arlo/{B}rownian {D}ynamics {S}uite for {S}tudies of {I}on
              {P}ermeation and {DNA} {T}ransport in {B}iological and {A}rtificial {P}ores with
              {E}ffective {P}otentials},
  journal   = {J. Comput. Chem.},
  year      = {2015},
  volume    = {36},
  pages     = {264--71},
  number    = {4},
  doi       = {10.1002/jcc.23799},
  month     = {2}
}

@article{Basdevant-2019,
  doi = {10.1038/s41598-019-51942-y},
  url = {https://doi.org/10.1038/s41598-019-51942-y},
  year = {2019},
  month = oct,
  publisher = {Springer Science and Business Media {LLC}},
  volume = {9},
  number = {1},
  pages  = {15740},
  author = {Nathalie Basdevant and Delphine Dessaux and Rosa Ramirez},
  title = {{I}onic {T}ransport through a {P}rotein {N}anopore: a {C}oarse-{G}rained {M}olecular {D}ynamics {S}tudy},
  journal = {Sci. Rep.}
}


@Comment{
  Nanopore enzymology
  % }

@article{Laszlo-2017,
  author    = {Laszlo, A H and Derrrington, I M and Gundlach, J H},
  title     = {{S}ubangstrom {M}easurements of {E}nzyme Function {U}sing a {B}iological {N}anopore, {SPRNT}},
  journal   = {Methods Enzymol.},
  year      = {2017},
  volume    = {582},
  pages     = {387--414},
  doi       = {10.1016/bs.mie.2016.09.038},
  month     = {1}
}

@article{Yusko-2017,
  author    = {Yusko, Erik C and Bruhn, Brandon R and Eggenberger, Olivia M and Houghtaling, Jared and
              Rollings, Ryan C and Walsh, Nathan C and Nandivada, Santoshi and Pindrus, Mariya and Hall, Adam R and Sept, David and Li, Jiali and Kalonia, Devendra S and Mayer, Michael},
  title     = {{R}eal-{T}ime {S}hape {A}pproximation and {F}ingerprinting of {S}ingle {P}roteins {U}sing a {N}anopore},
  journal   = {Nat. Nanotechnol.},
  year      = {2017},
  volume    = {12},
  pages     = {360--367},
  number    = {4},
  doi       = {10.1038/nnano.2016.267},
  month     = {5}
}

@article{Houghtaling-2019,
  doi = {10.1021/acsnano.8b09555},
  url = {https://doi.org/10.1021/acsnano.8b09555},
  year = {2019},
  month = apr,
  publisher = {American Chemical Society ({ACS})},
  volume = {13},
  number = {5},
  pages = {5231--5242},
  author = {Jared Houghtaling and Cuifeng Ying and Olivia M. Eggenberger and Aziz Fennouri and Santoshi Nandivada and Mitu Acharjee and Jiali Li and Adam R. Hall and Michael Mayer},
  title     = {{E}stimation of {S}hape, {V}olume, and {D}ipole {M}oment of {I}ndividual {P}roteins {F}reely {T}ransiting a {S}ynthetic {N}anopore},
  journal = {{ACS} Nano}
}


@Comment{
  Nanopore reviews
% }

@article{Bayley-2001,
  author    = {Bayley, H and Cremer, P S},
  title     = {{S}tochastic {S}ensors {I}nspired by {B}iology},
  journal   = {Nature},
  year      = {2001},
  volume    = {413},
  pages     = {226--30},
  number    = {6852},
  doi       = {10.1038/35093038},
  month     = {9}
}

@article{Dekker-2007,
  author    = {Dekker, Cees},
  title     = {{S}olid-{S}tate {N}anopores},
  journal   = {Nat. Nanotechnol.},
  year      = {2007},
  volume    = {2},
  pages     = {209--15},
  number    = {4},
  doi       = {10.1038/nnano.2007.27},
  month     = {4}
}

@article{Venkatesan-2011,
  author    = {Venkatesan, Bala Murali and Bashir, Rashid},
  title     = {{N}anopore {S}ensors for {N}ucleic {A}cid {A}analysis},
  journal   = {Nat. Nanotechnol.},
  year      = {2011},
  volume    = {6},
  pages     = {615--24},
  number    = {10},
  doi       = {10.1038/nnano.2011.129},
  month     = {9}
}

@article{Maffeo-2012,
  author    = {Maffeo, Christopher and Bhattacharya, Swati and Yoo, Jejoong and Wells, David and Aksimentiev,
  Aleksei},
  title     = {{M}odeling and {S}imulation of {I}on {C}hannels},
  journal   = {Chem. Rev.},
  year      = {2012},
  volume    = {112},
  pages     = {6250--84},
  number    = {12},
  doi       = {10.1021/cr3002609},
  month     = {12}
}

@article{Thomas-2014,
  author    = {Thomas, Michael and Corry, Ben and Hilder, Tamsyn A.},
  title     = {{W}hat {H}ave {W}e {L}earnt {A}bout the {M}echanisms of {R}apid {W}ater {T}ransport, {I}on
  {R}ejection and {S}electivity in {N}anopores from {M}olecular {S}imulation?},
  journal   = {Small},
  year      = {2014},
  volume    = {10},
  pages     = {1453--1465},
  number    = {8},
  doi       = {10.1002/smll.201302968},
  month     = {1}
}

@article{Wang-2014,
  author    = {Wang, Jingtao and Zhang, Minghui and Zhai, Jin and Jiang, Lei},
  title     = {{T}heoretical {S}imulation of the {I}on {C}urrent {R}ectification ({ICR}) in {N}anopores {B}ased on the {P}oisson-{N}ernst-{P}lanck ({PNP}) {M}odel},
  journal   = {Phys. Chem. Chem. Phys.},
  year      = {2014},
  volume    = {16},
  pages     = {23--32},
  number    = {1},
  doi       = {10.1039/c3cp51712h},
  month     = {1}
}

@article{Kim-2015,
  author    = {Kim, Han Seul and Kim, Yong-Hoon},
  title     = {{R}ecent {P}rogress in {A}tomistic {S}imulation of {E}lectrical {C}urrent {DNA} {S}equencing},
  journal   = {Biosens. Bioelectron.},
  year      = {2015},
  volume    = {69},
  pages     = {186--98},
  doi       = {10.1016/j.bios.2015.02.020},
  month     = {7}
}

@article{Restrepo-Perez-2018,
  author    = {Restrepo-P√©rez, Laura and Joo, Chirlmin and Dekker, Cees},
  title     = {{P}aving the {W}ay to {S}ingle-{M}olecule {P}rotein {S}equencing},
  journal   = {Nat. Nanotechnol.},
  year      = {2018},
  volume    = {13},
  pages     = {786--796},
  number    = {9},
  doi       = {10.1038/s41565-018-0236-6},
  month     = {9}
}

@Comment{
  Nanofluidic transport reviews
  % }

@article{Bocquet-2010,
  author    = {Bocquet, Lyd√©ric and Charlaix, Elisabeth},
  title     = {{N}anofluidics, from {B}ulk to {I}nterfaces},
  journal   = {Chem. Soc. Rev.},
  year      = {2010},
  volume    = {39},
  pages     = {1073--95},
  number    = {3},
  doi       = {10.1039/b909366b},
  month     = {3}
}

@article{Sparreboom-2010,
  author    = {Sparreboom, W. and van den Berg, A. and Eijkel, J. C. T.},
  title     = {{T}ransport in {N}anofluidic {S}ystems: a {R}eview of {T}heory and {A}pplications},
  journal   = {New J. Phys.},
  year      = {2010},
  volume    = {12},
  pages     = {015004},
  doi       = {10.1088/1367-2630/12/1/015004},
  month     = {1}
}

@Comment{
	Molecular dynamics
% }

@article{Allen-1999,
  author    = {Allen, T. W. and Kuyucak, S. and Chung, S.-H.},
  title     = {{T}he {E}ffect of {H}ydrophobic and {H}ydrophilic {C}hannel {W}alls on the {S}tructure
               and {D}iffusion of {W}ater and {I}ons},
  journal   = {J. Chem. Phys.},
  year      = {1999},
  volume    = {111},
  pages     = {7985--7999},
  doi       = {10.1063/1.480132},
  month     = {11}
}

@article{Lynden-Bell-1996,
  author    = {Lynden-Bell, R. M. and Rasaiah, Jayendran C.},
  title     = {{M}obility and {S}olvation of {I}ons in {C}hannels},
  journal   = {J. Chem. Phys.},
  year      = {1996},
  volume    = {105},
  pages     = {9266--9280},
  doi       = {10.1063/1.472757},
  month     = {11}
}

@Comment{
	Lipid bilayer papers
% }

@article{Kucerka-2011,
  author    = {Ku\u{c}erka, Norbert and Nieh, Mu-Ping and Katsaras, John},
  title     = {{F}luid {P}hase {L}ipid {A}reas and {B}ilayer {T}hicknesses of {C}ommonly {U}sed {P}hosphatidylcholines as a {F}unction of {T}emperature},
  journal   = {Biochim. Biophys. Acta Biomembr.},
  year      = {2011},
  volume    = {1808},
  pages     = {2761--71},
  number    = {11},
  doi       = {10.1016/j.bbamem.2011.07.022},
  month     = {11}
}


@article{Zhuang-2014,
  author    = {Zhuang, Xiaohong and Makover, Judah R and Im, Wonpil and Klauda, Jeffery B},
  title     = {{A} {S}ystematic {M}olecular {D}ynamics {S}imulation {S}tudy of {T}emperature {D}ependent {B}ilayer {S}tructural {P}roperties},
  journal   = {Biochim. Biophys. Acta Biomembr.},
  year      = {2014},
  volume    = {1838},
  pages     = {2520--9},
  number    = {10},
  doi       = {10.1016/j.bbamem.2014.06.010},
  month     = {10}
}

@article{Gramse-2013,
  author    = {Gramse, G and Dols-Perez, A and Edwards, M A and Fumagalli, L and Gomila, G},
  title     = {{N}anoscale {M}easurement of the {D}ielectric {C}onstant of {S}upported {L}ipid {B}ilayers in {A}queous {S}olutions with {E}lectrostatic {F}orce {M}icroscopy},
  journal   = {Biophys. J.},
  year      = {2013},
  volume    = {104},
  pages     = {1257--62},
  number    = {6},
  doi       = {10.1016/j.bpj.2013.02.011},
  month     = {3}
}


@Comment{
  Nanoscale pressures
% }

@article{Hoogerheide-2014,
  author    = {Hoogerheide, David P and Lu, Bo and Golovchenko, Jene A},
  title     = {{P}ressure-{V}oltage {T}rap for {DNA} {N}ear a {S}olid-{S}tate {N}anopore},
  journal   = {{ACS} Nano},
  year      = {2014},
  volume    = {8},
  pages     = {7384--91},
  number    = {7},
  doi       = {10.1021/nn5025829},
  month     = {7}
}


@Comment{
	Continuum simulations
% }

@article{Hsu-2017,
  author    = {Hsu, Wei-Lun and Harvie, Dalton J. E. and Davidson, Malcolm R. and Dunstan,
  Dave E. and Hwang, Junho and Daiguji, Hirofumi},
  title     = {{V}iscoelectric {E}ffects in {N}anochannel {E}lectrokinetics},
  journal   = {J. Phys. Chem. C},
  year      = {2017},
  volume    = {121},
  pages     = {20517--20523},
  number    = {37},
  doi       = {10.1021/acs.jpcc.7b06798},
  month     = {1},
}

@article{Hsu-2017b,
  author    = {Hsu, Jyh-Ping and Yang, Shu-Tuan and Lin, Chih-Yuan and Tseng, Shiojenn},
  title     = {{I}onic {C}urrent {R}ectification in a {C}onical {N}anopore: {I}nfluences of
               {E}lectroosmotic {F}low and {T}ype of {S}alt},
  journal   = {J. Phys. Chem. C},
  year      = {2017},
  volume    = {121},
  pages     = {4576--4582},
  number    = {8},
  doi       = {10.1021/acs.jpcc.6b09907},
  month     = {1}
}


@article{Axelsson-2015,
  author    = {Axelsson, Owe and He, Xin and Neytcheva, Maya},
  title     = {{N}umerical {S}olution of the {T}ime-{D}ependent {N}avier--{S}tokes {E}equation for {V}ariable
  {D}ensity--{V}ariable {V}iscosity. {P}art {I}},
  journal   = {Math. Model. Anal.},
  year      = {2015},
  volume    = {20},
  pages     = {232--260},
  number    = {2},
  doi       = {10.3846/13926292.2015.1021395},
  month     = {1}
}

@article{White-2008,
  author    = {White, Henry S and Bund, Andreas},
  title     = {{I}on {C}urrent {R}ectification at {N}anopores in {G}lass {M}embranes},
  journal   = {Langmuir},
  year      = {2008},
  volume    = {24},
  pages     = {2212--8},
  number    = {5},
  doi       = {10.1021/la702955k},
  month     = {3}
}


@article{Baldessari-2008-1,
  author    = {Baldessari, Fabio and Santiago, Juan G},
  title     = {{E}lectrokinetics in {N}anochannels: {P}art {I}. {E}lectric {D}ouble {L}ayer {O}verlap and
  {C}hannel-to-{W}ell {E}quilibrium},
  journal   = {J. Colloid Interface Sci.},
  year      = {2008},
  volume    = {325},
  pages     = {526--38},
  number    = {2},
  doi       = {10.1016/j.jcis.2008.06.007},
  month     = {9}
}

@article{Baldessari-2008-2,
  author    = {Baldessari, Fabio and Santiago, Juan G},
  title     = {{E}lectrokinetics in {N}anochannels: {P}art {II}. {M}obility {D}ependence on {I}on {D}ensity and {I}onic {C}urrent {M}measurements},
  journal   = {J. Colloid Interface Sci.},
  year      = {2008},
  volume    = {325},
  pages     = {539--46},
  number    = {2},
  doi       = {10.1016/j.jcis.2008.06.008},
  month     = {9}
}

@article{Constantin-2007,
  author    = {Constantin, Drago{\c{s}} and Siwy, Zuzanna S},
  title     = {{P}oisson-{N}ernst-{P}lanck {M}odel of {I}on {C}urrent {R}ectification through a {N}anofluidic
               {D}iode},
  journal   = {Phys. Rev. E},
  year      = {2007},
  volume    = {76},
  pages     = {041202},
  number    = {4 Pt 1},
  doi       = {10.1103/PhysRevE.76.041202},
  month     = {10}
}


@article{Pederson-2015,
  author    = {Pederson, Emmanuel D and Barbalas, Jonathan and Drown, Bryon S and Culbertson, Michael J and
  Keranen Burden, Lisa M and Kasianowicz, John J and Burden, Daniel L},
  title     = {{P}roximal {C}apture {D}ynamics for a {S}ingle {B}iological {N}anopore {S}ensor},
  journal   = {J. Phys. Chem. B},
  year      = {2015},
  volume    = {119},
  pages     = {10448--55},
  number    = {33},
  doi       = {10.1021/acs.jpcb.5b04955},
  month     = {8}
}

@article{Simakov-2010,
  author    = {Simakov, Nikolay A and Kurnikova, Maria G},
  title     = {{S}oft {W}all {I}on {C}hannel in {C}ontinuum {R}epresentation with {A}pplication to {M}odeling {I}on {C}urrents in {\textalpha}-{H}emolysin},
  journal   = {J. Phys. Chem. B},
  year      = {2010},
  volume    = {114},
  pages     = {15180--90},
  number    = {46},
  doi       = {10.1021/jp1046062},
  month     = {11}
}

@article{Lu-2012,
  author    = {Lu, Bo and Hoogerheide, David P and Zhao, Qing and Yu, Dapeng},
  title     = {{E}ffective {D}riving {F}orce {A}pplied on {DNA} {I}nside a {S}olid-{S}tate {N}nanopore},
  journal   = {Phys. Rev. E},
  year      = {2012},
  volume    = {86},
  pages     = {011921},
  number    = {1 Pt 1},
  doi       = {10.1103/PhysRevE.86.011921},
  month     = {7}
}

@article{Chaudhry-2014,
  author    = {Chaudhry, Jehanzeb Hameed and Comer, Jeffrey and Aksimentiev, Aleksei and Olson, Luke N},
  title     = {{A} {S}tabilized {F}inite {E}lement {M}ethod for {M}odified {P}oisson-{N}ernst-{P}lanck
  {E}quations to {D}etermine {I}on {F}low through a {N}anopore},
  journal   = {Commun. Comput. Phys.},
  year      = {2014},
  volume    = {15},
  pages     = {93-‚Äì125},
  number    = {1},
  doi       = {10.4208/cicp.101112.100413a},
  month     = {1}
}

@article{Rempfer-2016,
  author    = {Rempfer, Georg and Davies, Gary B and Holm, Christian and de Graaf, Joost},
  title     = {{R}educing {S}purious {F}low in {S}imulations of {E}lectrokinetic {P}henomena},
  journal   = {J. Chem. Phys.},
  year      = {2016},
  volume    = {145},
  pages     = {044901},
  number    = {4},
  doi       = {10.1063/1.4958950},
  month     = {7},
  file      = {FULLTEXT:/usr/share/i-librarian/www/library/pdfs/0/0/00114.pdf:PDF}
}

@article{Gillespie-2002,
  author    = {Gillespie, Dirk and Nonner, Wolfgang and Eisenberg, Robert S.},
  title     = {{C}oupling {P}oisson-{N}ernst-{P}lanck and {D}ensity {F}unctional {T}heory to {C}alculate {I}on {F}lux},
  journal   = {J. Phys. Condens. Matter},
  year      = {2002},
  volume    = {14},
  pages     = {12129--12145},
  doi       = {10.1088/0953-8984/14/46/317},
  month     = {11}
}


@article{Cervera-2005,
  author    = {Cervera, J. and Schiedt, B. and Ram√≠rez, P.},
  title     = {{A} {P}oisson/{N}ernst-{P}lanck {M}odel for {I}onic {T}ransport through {S}ynthetic {C}onical {N}anopores},
  journal   = {{EPL}},
  year      = {2005},
  volume    = {71},
  pages     = {35--41},
  doi       = {10.1209/epl/i2005-10054-x},
  month     = {7}
}


@article{Ramirez-2007,
  author    = {Ram√≠rez, Patricio and G√≥mez, Vicente and Cervera, Javier and Schiedt, Birgitta and Maf√©,
               Salvador},
  title     = {{I}on {T}ransport and {S}electivity in {N}anopores with {S}patially {I}nhomogeneous {F}ixed {C}harge {D}istributions},
  journal   = {J. Chem. Phys.},
  year      = {2007},
  volume    = {126},
  pages     = {194703},
  number    = {19},
  doi       = {10.1063/1.2735608},
  month     = {5}
}

@article{Rempfer-2017,
  author    = {Rempfer, Georg and Ehrhardt, Sascha and Holm, Christian and de Graaf, Joost},
  title     = {{N}anoparticle {T}ranslocation through {C}onical {N}anopores: {A} {F}inite {E}lement {S}tudy
  of {E}lectrokinetic {T}ransport},
  journal   = {Macromol. Theory Simul.},
  year      = {2017},
  volume    = {26},
  pages     = {1600051},
  number    = {1},
  doi       = {10.1002/mats.201600051},
  month     = {1}
}


@article{Lin-2016,
  author    = {Lin, Jeng-Yang and Lin, Chih-Yuan and Hsu, Jyh-Ping and Tseng, Shiojenn},
  title     = {{I}onic {C}urrent {R}ectification in a {pH}-{T}unable {P}olyelectrolyte {B}rushes
  {F}unctionalized {C}onical {N}anopore: {E}ffect of {S}alt {G}radient},
  journal   = {Anal. Chem.},
  year      = {2016},
  volume    = {88},
  pages     = {1176--87},
  number    = {2},
  doi       = {10.1021/acs.analchem.5b03074},
  month     = {1}
}

@article{Burger-2012,
  author    = {Burger, M. and Schlake, B. and Wolfram, M.-T.},
  title     = {{N}onlinear {P}oisson-{N}ernst-{P}lanck {E}quations for {I}on {F}lux through {C}onfined {G}eometries},
  journal   = {Nonlinearity},
  year      = {2012},
  volume    = {25},
  pages     = {961--990},
  doi       = {10.1088/0951-7715/25/4/961},
  month     = {4}
}

@Comment{
	Brownian dynamics
	% }

@article{Tian-2003,
  author    = {Tian, Pu and Smith, Grant D.},
  title     = {{T}ranslocation of a {P}olymer {C}hain {A}cross a {N}anopore: {A} {B}rownian {D}ynamics {S}imulation {S}tudy},
  journal   = {J. Chem. Phys.},
  year      = {2003},
  volume    = {119},
  pages     = {11475--11483},
  doi       = {10.1063/1.1621614},
  month     = {12}
}

@article{Noskov-2004,
  author    = {Noskov, Sergei Yu and Im, Wonpil and Roux, Beno√Æt},
  title     = {{I}on {P}ermeation through the {A}lpha-{H}emolysin {C}hannel: {T}heoretical {S}tudies {B}ased on {B}rownian {D}ynamics and {P}oisson-{N}ernst-{P}lank {E}lectrodiffusion {T}heory},
  journal   = {Biophys. J.},
  year      = {2004},
  volume    = {87},
  pages     = {2299--309},
  number    = {4},
  doi       = {10.1529/biophysj.104.044008},
  month     = {10}
}

@Comment{
	Relative permittivity
	% }


@article{Li-2014,
  author    = {Li, Hanlin and Lu, Benzhuo},
  title     = {{A}n {I}onic {C}oncentration and {S}ize {D}ependent {D}ielectric {P}ermittivity
              {P}oisson-{B}oltzmann {M}odel for {B}iomolecular {S}olvation {S}tudies},
  journal   = {J. Chem. Phys.},
  year      = {2014},
  volume    = {141},
  pages     = {024115},
  number    = {2},
  doi       = {10.1063/1.4887342},
  month     = {7}
}

@article{Chen-2016,
  author    = {Chen, Duan},
  title     = {{A} {N}ew {P}oisson-{N}ernst-{P}lanck {M}odel with {I}on-{W}ater {I}nteractions for {C}harge
              {T}ransport in {I}on {C}hannels},
  journal   = {Bull. Math. Biol.},
  year      = {2016},
  volume    = {78},
  pages     = {1703--26},
  number    = {8},
  doi       = {10.1007/s11538-016-0196-7},
  month     = {8}
}

@Comment{
	Ion steric effects
	% }

% Review
@article{Bazant-2009,
  author    = {Bazant, Martin Z and Kilic, Mustafa Sabri and Storey, Brian D and Ajdari, Armand},
  title     = {{T}owards an {U}nderstanding of {I}nduced-{C}harge {E}lectrokinetics at {L}arge {A}pplied {V}oltages in {C}oncentrated {S}olutions},
  journal   = {Adv. Colloid Interface Sci.},
  year      = {2009},
  volume    = {152},
  pages     = {48--88},
  number    = {1-2},
  doi       = {10.1016/j.cis.2009.10.001},
  month     = {11}
}

@article{Kilic-2007,
  author    = {Kilic, Mustafa Sabri and Bazant, Martin Z. and Ajdari, Armand},
  title     = {{S}teric {E}ffects in the {D}ynamics of {E}lectrolytes at {L}arge {A}pplied {V}oltages.
              {II}. {M}odified {P}oisson-{N}ernst-{P}lanck {E}quations},
  journal   = {Phys. Rev. E},
  year      = {2007},
  volume    = {75},
  pages     = {021503},
  number    = {2 Pt 1},
  doi       = {10.1103/PhysRevE.75.021503},
  month     = {2}
}


@article{Lu-2011,
  author    = {Lu, Benzhuo and Zhou, Y C},
  title     = {{P}oisson-{N}ernst-{P}lanck {E}quations for {S}imulating {B}iomolecular {D}iffusion-{R}eaction {P}rocesses {II}: {S}ize {E}ffects on {I}onic {D}istributions and {D}iffusion-{R}eaction {R}rates},
  journal   = {Biophys. J.},
  year      = {2011},
  volume    = {100},
  pages     = {2475--85},
  number    = {10},
  doi       = {10.1016/j.bpj.2011.03.059},
  month     = {5}
}

@article{Borukhov-1997,
  author    = {Borukhov, Itamar and Andelman, David and Orland, Henri},
  title     = {{S}teric {E}ffects in {E}lectrolytes: {A} {M}odified {P}oisson-{B}oltzmann {E}quation},
  journal   = {Phys. Rev. Lett.},
  year      = {1997},
  volume    = {79},
  pages     = {435--438},
  doi       = {10.1103/PhysRevLett.79.435},
  month     = {7}
}

@Comment{
	PNP
	% }

@article{Eisenberg-1996,
  author    = {Eisenberg, R.S.},
  title     = {{C}omputing the {F}ield in {P}roteins and {C}hannels},
  journal   = {J. Membr. Biol.},
  year      = {1996},
  volume    = {150},
  pages     = {1--25},
  number    = {1},
  doi       = {10.1007/s002329900026},
  month     = {1}
}

@article{Im-2002,
  author    = {Im, Wonpil and Roux, Benoƒ±ÃÇt},
  title     = {{I}on {P}ermeation and {S}electivity of {OmpF} {P}orin: {A} {T}heoretical {S}tudy {B}ased on
              {M}olecular {D}ynamics, {B}rownian {D}ynamics, and {C}ontinuum {E}lectrodiffusion {T}heory},
  journal   = {J. Mol. Biol.},
  year      = {2002},
  volume    = {322},
  pages     = {851--869},
  number    = {4},
  doi       = {10.1016/S0022-2836(02)00778-7},
  month     = {1}
}


@article{Daiguji-2004,
  author    = {Daiguji, Hirofumi and Yang, Peidong and Majumdar, Arun},
  title     = {{I}on {T}ransport in {N}anofluidic {C}hannels},
  journal   = {Nano Lett.},
  year      = {2004},
  volume    = {4},
  pages     = {137--142},
  doi       = {10.1021/nl0348185},
  month     = {1}
}


@Comment{
	Problems with continuum models at the nanoscale
	% }


@article{Corry-2000,
  author    = {Corry, B. and Kuyucak, S. and Chung, S. H.},
  title     = {{I}nvalidity of {C}ontinuum {T}heories of {E}lectrolytes in {N}anopores},
  journal   = {Chem. Phys. Lett.},
  year      = {2000},
  volume    = {320},
  pages     = {35--41},
  doi       = {10.1016/S0009-2614(00)00206-2},
  month     = {3}
}

@article{Collins-2012,
  author    = {Collins, Kim D},
  title     = {{W}hy {C}ontinuum {E}lectrostatics {T}heories {C}annot {E}xplain {B}iological {S}tructure,
              {P}olyelectrolytes or {I}onic {S}trength {E}ffects in {I}on-{P}rotein {I}nteractions},
  journal   = {Biophys. Chem.},
  year      = {2012},
  volume    = {167},
  pages     = {43--59},
  doi       = {10.1016/j.bpc.2012.04.002},
  month     = {6}
}


@Comment{
	Protein properties: dielectric constant, charge distribution, surface definition...
% }

@article{Li-2013,
  author    = {Li, Lin and Li, Chuan and Zhang, Zhe and Alexov, Emil},
  title     = {{O}n the {D}ielectric "{C}onstant" of {P}roteins: {S}mooth {D}ielectric {F}unction for
  {M}acromolecular {M}odeling and {I}ts {I}mplementation in {DelPhi}},
  journal   = {J. Chem. Theory Comput.},
  year      = {2013},
  volume    = {9},
  pages     = {2126--2136},
  number    = {4},
  doi       = {10.1021/ct400065j},
  month     = {4}
}


@Comment{
	Nanopore MD
% }

@article{Aksimentiev-2005,
  author    = {Aksimentiev, Aleksij and Schulten, Klaus},
  title     = {{I}maging {A}lpha-{H}emolysin with {M}olecular {D}ynamics: {I}onic {C}onductance, {O}smotic {P}ermeability, and the {E}lectrostatic {P}otential {M}ap},
  journal   = {Biophys. J.},
  year      = {2005},
  volume    = {88},
  pages     = {3745--61},
  number    = {6},
  doi       = {10.1529/biophysj.104.058727},
  month     = {6}
}

@article{Bhattacharya-2011,
  author    = {Bhattacharya, Swati and Muzard, L and Payet, L and Math√©, Jerome and Bockelmann, Ulrich and
  Aksimentiev, Aleksei and Viasnoff, Virgile},
  title     = {{R}ectification of the {C}urrent in {A}lpha-{H}emolysin {P}ore {D}epends on the {C}ation {T}ype: the {A}lkali {S}eries {P}robed by {MD} {S}imulations and {E}xperiments},
  journal   = {J. Phys. Chem. C},
  year      = {2011},
  volume    = {115},
  pages     = {4255--4264},
  number    = {10},
  doi       = {10.1021/jp111441p},
  month     = {2}
}

@Comment{
	Confinement and wall effects on ion and water transport properties
% }

@article{Renkin-1954,
  author    = {Renkin, Eugene M.},
  title     = {{F}iltration, {D}iffusion, and {M}olecular {S}ieving through {P}orous {C}ellulose {M}embranes},
  journal   = {J. Gen. Physiol.},
  year      = {1954},
  volume    = {38},
  pages     = {225--43},
  number    = {2},
  doi       = {10.1085/jgp.38.2.225},
  month     = {11}
}

@article{Deen-1987,
  author    = {Deen, William M.},
  title     = {{H}indered {T}ransport of {L}arge {M}olecules in {L}iquid-{F}illed {P}ores},
  journal   = {{AIChE} J.},
  year      = {1987},
  volume    = {33},
  pages     = {1409--1425},
  number    = {9},
  doi       = {10.1002/aic.690330902},
  month     = {1}
}

@article{Dechadilok-2006,
  author    = {Dechadilok, Panadda and Deen, William M.},
  title     = {{H}indrance {F}actors for {D}iffusion and {C}onvection in {P}ores},
  journal   = {Ind. Eng. Chem. Res.},
  year      = {2006},
  volume    = {45},
  pages     = {6953--6959},
  number    = {21},
  doi       = {10.1021/ie051387n},
  month     = {1}
}

@article{Saugey-2005,
  author    = {Saugey, A. and Joly, L. and Ybert, C. and Barrat, J. L. and Bocquet, L.},
  title     = {{D}iffusion in {P}ores and its {D}ependence on {B}oundary {C}onditions},
  journal   = {J. Phys. Condens. Matter},
  year      = {2005},
  volume    = {17},
  pages     = {S4075--S4090},
  doi       = {10.1088/0953-8984/17/49/005},
  month     = {12}
}


@article{Joly-2006,
  author    = {Joly, L and Ybert, C and Bocquet, L},
  title     = {{P}robing the {N}anohydrodynamics at {L}iquid-{S}olid {I}nterfaces {U}sing {T}thermal {M}otion},
  journal   = {Phys. Rev. Lett.},
  year      = {2006},
  volume    = {96},
  pages     = {046101},
  number    = {4},
  doi       = {10.1103/PhysRevLett.96.046101},
  month     = {2}
}


@article{Anderson-1972,
  author    = {Anderson, John L. and Quinn, John A.},
  title     = {{I}onic {M}obility in {M}icrocapillaries. {A} {T}est for {A}nomalous {W}ater {S}tructures},
  journal   = {J. Chem. Soc., Faraday Trans. 1},
  year      = {1972},
  volume    = {68},
  pages     = {744},
  doi       = {10.1039/F19726800744},
  month     = {1}
}


@article{Muthukumar-2014,
  author    = {Muthukumar, M},
  title     = {{C}ommunication: {C}harge, {D}iffusion, and {M}obility of {P}roteins through {N}anopores},
  journal   = {J. Chem. Phys.},
  year      = {2014},
  volume    = {141},
  pages     = {081104},
  number    = {8},
  doi       = {10.1063/1.4894401},
  month     = {8}
}

@article{Muthukumar-2010,
  author    = {Muthukumar, M},
  title     = {{T}heory of {C}apture {R}ate in {P}olymer {T}ranslocation},
  journal   = {J. Chem. Phys.},
  year      = {2010},
  volume    = {132},
  pages     = {195101},
  number    = {19},
  doi       = {10.1063/1.3429882},
  month     = {5}
}

@article{Makarov-1998,
  author    = {Makarov, V. and Feig, M. and Andrews, B. and Pettitt, B.},
  title     = {{D}iffusion of {S}olvent around {B}iomolecular {S}olutes: {A} {M}olecular {D}ynamics
  {S}imulation {S}tudy},
  journal   = {Biophys. J.},
  year      = {1998},
  volume    = {75},
  pages     = {150--158},
  doi       = {10.1016/S0006-3495(98)77502-2},
  month     = {7}
}

@article{Pronk-2014,
  author    = {Pronk, Sander and Lindahl, Erik and Kasson, Peter M},
  title     = {{D}ynamic {H}eterogeneity {C}ontrols {D}iffusion and {V}iscosity {N}ear {B}iological {I}nterfaces},
  journal   = {Nat. Commun.},
  year      = {2014},
  volume    = {5},
  pages     = {3034},
  doi       = {10.1038/ncomms4034},
  month     = {1}
}

@article{Ye-2011,
  author    = {Ye, Hongfei and Zhang, Hongwu and Zhang, Zhongqiang and Zheng, Yonggang},
  title     = {{S}ize and {T}emperature {E}ffects on the {V}iscosity of {W}ater {I}nside {C}arbon {N}anotubes},
  journal   = {Nanoscale Res. Lett.},
  year      = {2011},
  volume    = {6},
  pages     = {87},
  number    = {1},
  doi       = {10.1186/1556-276X-6-87},
  month     = {1}
}


@article{Kannam-2017,
  author    = {Kannam, Sridhar Kumar and Downton, Matthew T},
  title     = {{T}ranslational {D}iffusion of {P}roteins in {N}anochannels},
  journal   = {J. Chem. Phys.},
  year      = {2017},
  volume    = {146},
  pages     = {054108},
  number    = {5},
  doi       = {10.1063/1.4975161},
  month     = {2}
}

@article{McMullen-2017,
  author    = {McMullen, Angus J and Tang, Jay X and Stein, Derek},
  title     = {{N}anopore {M}easurements of {F}ilamentous {V}iruses {R}eveal a {S}ub-nanometer-{S}cale
  {S}tagnant {F}luid {L}ayer},
  journal   = {{ACS} Nano},
  year      = {2017},
  volume    = {11},
  pages     = {11669--11677},
  number    = {11},
  doi       = {10.1021/acsnano.7b06767},
  month     = {11}
}

@article{Duan-2010,
  author    = {Duan, Chuanhua and Majumdar, Arun},
  title     = {{A}nomalous {I}on {T}ransport in 2-nm {H}ydrophilic {N}anochannels},
  journal   = {Nat. Nanotechnol.},
  year      = {2010},
  volume    = {5},
  pages     = {848--52},
  number    = {12},
  doi       = {10.1038/nnano.2010.233},
  month     = {12}
}

@article{Ho-2005,
  author    = {Ho, Chuen and Qiao, Rui and Heng, Jiunn B and Chatterjee, Aveek and Timp, Rolf J and
               Aluru, Narayana R and Timp, Gregory},
  title     = {{E}lectrolytic {T}ransport through a {S}ynthetic {N}anometer-{D}iameter {P}ore},
  journal   = {Proc. Natl. Acad. Sci. U.S.A.},
  year      = {2005},
  volume    = {102},
  pages     = {10445--50},
  number    = {30},
  doi       = {10.1073/pnas.0500796102},
  month     = {7}
}


@article{Wilson-2019,
  doi = {10.1021/acssensors.8b01375},
  url = {https://doi.org/10.1021/acssensors.8b01375},
  year = {2019},
  month = mar,
  publisher = {American Chemical Society ({ACS})},
  volume = {4},
  number = {3},
  pages = {634--644},
  author = {James Wilson and Kumar Sarthak and Wei Si and Luyu Gao and Aleksei Aksimentiev},
  title = {{R}apid and {A}ccurate {D}etermination of {N}anopore {I}onic {C}urrent {U}sing a {S}teric {E}xclusion {M}odel},
  journal = {{ACS} Sensors}
}

# Viscosity
@article{Vo-2016,
  author    = {Vo, Truong Quoc and Kim, BoHung},
  title     = {{T}ransport {P}henomena of {W}ater in {M}olecular {F}luidic {C}hannels},
  journal   = {Sci. Rep.},
  year      = {2016},
  volume    = {6},
  pages     = {33881},
  doi       = {10.1038/srep33881},
  month     = {9}
}

@article{Furini-2006,
  author    = {Furini, Simone and Zerbetto, Francesco and Cavalcanti, Silvio},
  title     = {{A}pplication of the {P}oisson-{N}ernst-{P}lanck {T}heory with {S}pace-{D}ependent
              {D}iffusion {C}oefficients to {KcsA}},
  journal   = {Biophys. J.},
  year      = {2006},
  volume    = {91},
  pages     = {3162--9},
  number    = {9},
  doi       = {10.1529/biophysj.105.078741},
  month     = {11}
}

@article{Liu-2015,
  author    = {Liu, Jinn-Liang and Eisenberg, Bob},
  title     = {{N}umerical {M}ethods for a {P}oisson-{N}ernst-{P}lanck-{F}ermi {M}odel of {B}iological {I}on
              {C}hannels},
  journal   = {Phys. Rev. E},
  year      = {2015},
  volume    = {92},
  pages     = {012711},
  number    = {1},
  doi       = {10.1103/PhysRevE.92.012711},
  month     = {7}
}

@article{Bhadauria-2017,
  doi = {10.1063/1.4982731},
  url = {https://doi.org/10.1063/1.4982731},
  year = {2017},
  month = may,
  publisher = {{AIP} Publishing},
  volume = {146},
  number = {18},
  pages = {184106},
  author = {Ravi Bhadauria and N. R. Aluru},
  title = {{M}ultiscale {M}odeling of {E}lectroosmotic {F}low: {E}ffects of {D}iscrete {I}on, {E}nhanced {V}iscosity, and {S}urface {F}riction},
  journal = {J. Chem. Phys.}
}

@Comment{
	Concentration effects on ion and water transport properties
% }

@article{Gavish-2016,
  author    = {Gavish, Nir and Promislow, Keith},
  title     = {{D}ependence of the {D}ielectric {C}onstant of {E}lectrolyte {S}olutions on {I}onic {C}oncentration: {A} {M}icrofield {A}pproach},
  journal   = {Phys. Rev. E},
  year      = {2016},
  volume    = {94},
  pages     = {012611},
  number    = {1-1},
  doi       = {10.1103/PhysRevE.94.012611},
  month     = {7}
}

@article{Hai-Lang-1996,
  author    = {Hai-Lang, Zhang and Shi-Jun, Han},
  title     = {{V}iscosity and {D}ensity of {W}ater + {S}odium {C}hloride + {P}otassium {C}hloride
  {S}olutions at 298.15 {K}},
  journal   = {J. Chem. Eng. Data},
  year      = {1996},
  volume    = {41},
  pages     = {516--520},
  number    = {3},
  doi       = {10.1021/je9501402},
  month     = {1}
}

@book{Mills-1989,
  author    = {Mills, R. and Lobo, V.M.M.},
  title     = {{S}elf-{D}iffusion in {E}lectrolyte {S}olutions: {A} {C}ritical {E}xamination of {D}ata {C}ompiled from the {L}iterature},
  number    = {v. 36},
  isbn      = {9780444416896},
  lccn      = {lc88037012},
  series    = {Physical Sciences Data},
  url       = {https://books.google.be/books?id=LfeFAAAAIAAJ},
  year      = {1989},
  publisher = {Elsevier}
}

@article{Panopoulos-1986,
  author    = {Panopoulos, Demetrios K. and Kaneko, Hiroyuki and Spiro, Michael},
  title     = {{T}ransference {N}umbers of {S}odium {C}hloride in {C}oncentrated {A}queous {S}olutions and {C}hloride {C}onductances in {S}everal {C}oncentrated {E}lectrolyte {S}olutions},
  journal   = {J. Solution Chem.},
  year      = {1986},
  volume    = {15},
  pages     = {243--252},
  number    = {3},
  doi       = {10.1007/BF00646692},
  month     = {1}
}


@article{Currie-1960,
  author    = {Currie, D. J. and Gordon, A. R.},
  title     = {{T}ransference {N}umbers for {C}concentrated {A}queous {S}odium {C}hloride {S}olutions, and the {I}onic {C}onductances for {P}otassium and {S}odium {C}hlorides},
  journal   = {J. Phys. Chem.},
  year      = {1960},
  volume    = {64},
  pages     = {1751--1753},
  number    = {11},
  doi       = {10.1021/j100840a037},
  month     = {1}
}

@article{Smits-1966,
  author    = {Smits, L. J. M. and Duyvis, E. M.},
  title     = {{T}ransport {N}umbers of {C}oncentrated {S}odium {C}hloride {S}olutions at 25{\textdegree}},
  journal   = {J. Phys. Chem.},
  year      = {1966},
  volume    = {70},
  pages     = {2747--2753},
  number    = {9},
  doi       = {10.1021/j100881a007},
  month     = {1}
}

@article{Schonert-2013,
  author    = {Sch√∂nert, Hansj√ºrgen},
  title     = {{T}ransference {N}umbers in the {H2O} + {NaCl} + {MgCl2} System at {T} = 298.15 {K},
  {D}etermined in a {F}ive-{C}ompartment {H}ittorf {C}ell},
  journal   = {J. Solution Chem.},
  year      = {2013},
  volume    = {43},
  pages     = {26--39},
  number    = {1},
  doi       = {10.1007/s10953-012-9944-y},
  month     = {1}
}

@article{DellaMonica-1979,
  author    = {Della Monica, Mario and Petrella, G. and Sacco, A. and Bufo, S.},
  title     = {{T}ransference {N}umbers in {C}oncentrated {S}odium {C}hloride {S}olutions},
  journal   = {Electrochim. Acta},
  year      = {1979},
  volume    = {24},
  pages     = {1013--1017},
  number    = {9},
  doi       = {10.1016/0013-4686(79)87099-1},
  month     = {1}
}

@article{Bianchi-1989,
  author    = {Bianchi, Hugo and Corti, Horacio R. and Fern{\'a}ndez-Prini, Roberto},
  title     = {{T}he {C}onductivity of {C}oncentrated {A}queous {M}ixtures of {NaCl} and {MgCl2} at 25{\textdegree}C},
  journal   = {J. Solution Chem.},
  year      = {1989},
  volume    = {18},
  pages     = {485--491},
  number    = {5},
  doi       = {10.1007/BF00657336},
  month     = {1}
}

@article{Goldsack-1976,
  author    = {Goldsack, Douglas E. and Franchetto, Raymond and Franchetto, Arlene (Anttila)},
  title     = {{S}olvation {E}ffects on the {C}onductivity of {C}oncentrated {E}lectrolyte {S}olutions},
  journal   = {Can. J. Chem.},
  year      = {1976},
  volume    = {54},
  pages     = {2953--2966},
  number    = {18},
  doi       = {10.1139/v76-418},
  month     = {1}
}


@article{Longsworth-1935,
  author    = {Longsworth, L. G.},
  title     = {{T}ransference {N}umbers of {A}queous {S}olutions of {S}ome {E}lectrolytes at 25{\textdegree}
  by the {M}oving {B}oundary {M}ethod},
  journal   = {J. Am. Chem. Soc.},
  year      = {1935},
  volume    = {57},
  pages     = {1185--1191},
  number    = {7},
  doi       = {10.1021/ja01310a008},
  month     = {1}
}

@article{Kaimakov-1966,
  author    = {Kaimakov, E. A. and Varshavskaya, N. L.},
  title     = {{M}easurement of {T}ransport {N}umbers in {A}queous {S}olutions of {E}lectrolytes},
  journal   = {Russ. Chem. Rev.},
  year      = {1966},
  volume    = {35},
  pages     = {89--105},
  doi       = {10.1070/RC1966v035n02ABEH001433},
  month     = {2}
}

@article{Hasted-1948,
  author    = {Hasted, J. B. and Ritson, D. M. and Collie, C. H.},
  title     = {{D}ielectric {P}roperties of {A}queous {I}onic {S}olutions. {P}arts {I} and {II}},
  journal   = {J. Chem. Phys.},
  year      = {1948},
  volume    = {16},
  pages     = {1--21},
  doi       = {10.1063/1.1746645},
  month     = {1}
}


@article{ContrerasAburto-2013-1,
  author    = {Contreras-Aburto, Claudio and N√§gele, Gerhard},
  title     = {{A} {U}nifying {M}ode-{C}oupling {T}heory for {T}ransport {P}roperties of {E}lectrolyte {S}olutions. {I}. {G}eneral {S}cheme and {L}imiting {L}aws},
  journal   = {J. Chem. Phys.},
  year      = {2013},
  volume    = {139},
  pages     = {134109},
  number    = {13},
  doi       = {10.1063/1.4822297},
  month     = {10}
}

@article{ContrerasAburto-2013-2,
  author    = {Contreras-Aburto, Claudio and N√§gele, Gerhard},
  title     = {{A} {U}nifying {M}ode-{C}oupling {T}heory for {T}ransport {P}roperties of {E}lectrolyte {S}olutions. {II}. {R}esults for {E}qual-{S}ized {I}ons {E}lectrolytes},
  journal   = {J. Chem. Phys.},
  year      = {2013},
  volume    = {139},
  pages     = {134110},
  number    = {13},
  doi       = {10.1063/1.4822298},
  month     = {10}
}


@Comment{
	Software packages
	% }

@article{Sali-1993,
  author    = {Sali, A and Blundell, T L},
  title     = {{C}omparative {P}rotein {M}odelling by {S}atisfaction of {S}patial {R}estraints},
  journal   = {J. Mol. Biol.},
  year      = {1993},
  volume    = {234},
  pages     = {779--815},
  number    = {3},
  doi       = {10.1006/jmbi.1993.1626},
  month     = {12}
}

% APBS
@article{Jurrus-2018,
  author    = {Jurrus, Elizabeth and Engel, Dave and Star, Keith and Monson, Kyle and Brandi, Juan and
  Felberg, Lisa E and Brookes, David H and Wilson, Leighton and Chen, Jiahui and Liles, Karina and Chun,
  Minju and Li, Peter and Gohara, David W and Dolinsky, Todd and Konecny, Robert and Koes, David R and
  Nielsen, Jens Erik and Head-Gordon, Teresa and Geng, Weihua and Krasny, Robert and Wei, Guo-Wei and Holst,
  Michael J and McCammon, J Andrew and Baker, Nathan A},
  title     = {{I}mprovements to the {APBS} {B}iomolecular {S}olvation {S}oftware {S}uite},
  journal   = {Protein Sci.},
  year      = {2018},
  volume    = {27},
  pages     = {112--128},
  number    = {1},
  doi       = {10.1002/pro.3280},
  month     = {1}
}


% PROPKA
@article{Olsson-2011,
  author    = {Olsson, Mats H M and S√∏ndergaard, Chresten R and Rostkowski, Michal and Jensen, Jan H},
  title     = {{PROPKA3}: {C}onsistent {T}reatment of {I}nternal and {S}urface {R}esidues in {E}mpirical
  {pKa} {P}redictions},
  journal   = {J. Chem. Theory Comput.},
  year      = {2011},
  volume    = {7},
  pages     = {525--37},
  number    = {2},
  doi       = {10.1021/ct100578z},
  month     = {2}
}

% CHARMM
@article{Best-2012,
  author    = {Best, Robert B and Zhu, Xiao and Shim, Jihyun and Lopes, Pedro E M and Mittal, Jeetain and
  Feig, Michael and Mackerell, Alexander D},
  title     = {{O}ptimization of the {A}dditive {CHARMM} {A}ll-{A}tom {P}rotein {F}orce {F}ield {T}argeting {I}mproved {S}ampling of the {B}ackbone {\textphi}, {\textpsi} and {S}ide-{C}hain {\textchi}(1) and {\textchi}(2) {D}ihedral {A}ngles},
  journal   = {J. Chem. Theory Comput.},
  year      = {2012},
  volume    = {8},
  pages     = {3257--3273},
  number    = {9},
  doi       = {10.1021/ct300400x},
  month     = {9}
}

% NAMD
@article{Phillips-2005,
  author    = {Phillips, James C and Braun, Rosemary and Wang, Wei and Gumbart, James and Tajkhorshid, Emad
  and Villa, Elizabeth and Chipot, Christophe and Skeel, Robert D and Kal√©, Laxmikant and Schulten, Klaus},
  title     = {{S}calable {M}olecular {D}ynamics with {NAMD}},
  journal   = {J. Comput. Chem.},
  year      = {2005},
  volume    = {26},
  pages     = {1781--802},
  number    = {16},
  doi       = {10.1002/jcc.20289},
  month     = {12}
}

% VMD
@article{Humphrey-1996,
  author    = {Humphrey, William and Dalke, Andrew and Schulten, Klaus},
  title     = {{VMD}: {V}isual {M}olecular {D}ynamics},
  journal   = {J. Mol. Graph.},
  year      = {1996},
  volume    = {14},
  pages     = {33--38},
  number    = {1},
  doi       = {10.1016/0263-7855(96)00018-5},
}

% VMD Tachyon ray tracing library
@mastersthesis{Stone-1998,
  author = {John Stone},
  title = "{{A}n {E}fficient {L}ibrary for {P}arallel {R}ay {T}racing and {A}nimation}",
  school = "Computer Science Department, University of Missouri-Rolla",
  month = "April",
  year = {1998}
}

% MSMS
@article{Sanner-1995,
  author    = {Sanner, Michel F. and Olson, Arthur J. and Spehner, Jean-Claude},
  title     = {{F}ast and {R}obust {C}omputation of {M}olecular {S}urfaces},
  booktitle = {Proceedings of the eleventh annual symposium on Computational geometry  -  {SCG} '95},
  year      = {1995},
  pages     = {406--407},
  doi       = {10.1145/220279.220324},
  month     = {1}
}

@article{Shanno-1980,
  author    = {Shanno, D. F. and Phua, K. H.},
  title     = {{R}emark on ``{A}lgorithm 500: {M}inimization of {U}nconstrained {M}ultivariate {F}unctions
  [E4]''},
  journal   = {{ACM} Trans. Math. Softw.},
  year      = {1980},
  volume    = {6},
  pages     = {618--622},
  number    = {4},
  doi       = {10.1145/355921.355933},
  month     = {1}
}

@article{Jo-2008,
  author    = {Jo, Sunhwan and Kim, Taehoon and Iyer, Vidyashankara G and Im, Wonpil},
  title     = {{CHARMM}-{GUI}: {A} {W}eb-{B}ased {G}raphical {U}ser {I}nterface for {CHARMM}.},
  journal   = {J. Comput. Chem.},
  year      = {2008},
  volume    = {29},
  pages     = {1859--65},
  number    = {11},
  doi       = {10.1002/jcc.20945},
  month     = {8}
}


@article{Wu-2014,
  author    = {Wu, Emilia L and Cheng, Xi and Jo, Sunhwan and Rui, Huan and Song, Kevin C and D√°vila-Contreras,
            Eder M and Qi, Yifei and Lee, Jumin and Monje-Galvan, Viviana and Venable, Richard M and Klauda,
            Jeffery B and Im, Wonpil},
  title     = {{CHARMM}-{GUI} {M}embrane {B}uilder {T}oward {R}ealistic {B}iological {M}embrane {S}imulations},
  journal   = {J. Comput. Chem.},
  year      = {2014},
  volume    = {35},
  pages     = {1997--2004},
  number    = {27},
  doi       = {10.1002/jcc.23702},
  month     = {10}
}



@article{Lee-2016,
  author    = {Lee, Jumin and Cheng, Xi and Swails, Jason M and Yeom, Min Sun and Eastman,
  Peter K and Lemkul, Justin A and Wei, Shuai and Buckner, Joshua and Jeong,
  Jong Cheol and Qi, Yifei and Jo, Sunhwan and Pande, Vijay S and Case, David
  A and Brooks, Charles L and MacKerell, Alexander D and Klauda, Jeffery B
  and Im, Wonpil},
  title     = {{CHARMM}-{GUI} {I}nput {G}enerator for {NAMD}, {GROMACS}, {AMBER}, Open{MM}, and
  {CHARMM}/{OpenMM} {S}imulations {U}sing the {CHARMM}36 {A}dditive {F}orce {F}ield},
  journal   = {J. Chem. Theory Comput.},
  year      = {2016},
  volume    = {12},
  pages     = {405--13},
  number    = {1},
  doi       = {10.1021/acs.jctc.5b00935},
  month     = {1}
}

@Comment{
  Reviews
  % }

@article{Daiguji-2010,
  author    = {Daiguji, Hirofumi},
  title     = {{I}on {T}ransport in {N}anofluidic {C}hannels},
  journal   = {Chem. Soc. Rev.},
  year      = {2010},
  volume    = {39},
  pages     = {901--11},
  number    = {3},
  doi       = {10.1039/b820556f},
  month     = {3}
}

@article{Zhang-2016,
  author    = {Zhang, Anqi and Lieber, Charles M},
  title     = {{N}ano-{B}ioelectronics},
  journal   = {Chem. Rev.},
  year      = {2016},
  volume    = {116},
  pages     = {215--57},
  number    = {1},
  doi       = {10.1021/acs.chemrev.5b00608},
  month     = {1},
}

@article{Chen-2013,
  author    = {Chen, Chao and Xie, Qingji and Yang, Dawei and Xiao, Hualing and Fu,
  Yingchun and Tan, Yueming and Yao, Shouzhuo},
  title     = {{R}ecent {A}dvances in {E}lectrochemical {G}lucose {B}iosensors: {A} {R}eview},
  journal   = {{RSC} Adv.},
  year      = {2013},
  volume    = {3},
  pages     = {4473},
  number    = {14},
  doi       = {10.1039/c2ra22351a},
  month     = {1},
}

@article{Deamer-2016,
  author    = {Deamer, David and Akeson, Mark and Branton, Daniel},
  title     = {{T}hree {D}ecades of {N}anopore {S}equencing},
  journal   = {Nat. Biotechnol.},
  year      = {2016},
  volume    = {34},
  pages     = {518--24},
  number    = {5},
  doi       = {10.1038/nbt.3423},
  month     = {5},
}

@article{Schoch-2008,
  author    = {Schoch, Reto B. and Han, Jongyoon and Renaud, Philippe},
  title     = {{T}ransport {P}henomena in {N}anofluidics},
  journal   = {Rev. Mod. Phys.},
  year      = {2008},
  volume    = {80},
  pages     = {839--883},
  doi       = {10.1103/RevModPhys.80.839},
  month     = {7}
}

@article{Grochowski-2008,
  author    = {Grochowski, Pawe≈Ç and Trylska, Joanna},
  title     = {{C}ontinuum {M}olecular {E}lectrostatics, {S}alt {E}ffects, and {C}ounterion {B}inding--{A}
              {R}eview of the {P}oisson-{B}oltzmann {T}heory and its {M}odifications.},
  journal   = {Biopolymers},
  year      = {2008},
  volume    = {89},
  pages     = {93--113},
  number    = {2},
  doi       = {10.1002/bip.20877},
  month     = {2}
}


@article{Kowalczyk-2011,
  doi = {10.1088/0957-4484/22/31/315101},
  url = {https://doi.org/10.1088/0957-4484/22/31/315101},
  year = {2011},
  month = jul,
  publisher = {{IOP} Publishing},
  volume = {22},
  number = {31},
  pages = {315101},
  author = {Stefan W Kowalczyk and Alexander Y Grosberg and Yitzhak Rabin and Cees Dekker},
  title = {{M}odeling the {C}onductance and {DNA} {B}lockade of {S}olid-{S}tate {N}anopores},
  journal = {Nanotechnology}
}

@Comment{
  Effect of salt, ions and charge density on enzyme activity
  % }

@incollection{Purich-2010-7,
  title = {{C}hapter 7 - {F}actors {I}nfluencing {E}nzyme {A}ctivity},
  editor = {Daniel L. Purich},
  booktitle = {{E}nzyme {K}inetics: {C}atalysis {\&} {C}ontrol},
  publisher = {Elsevier},
  address = {Boston},
  pages = {379--484},
  year = {2010},
  isbn = {978-0-12-380924-7},
  doi = {10.1016/B978-0-12-380924-7.10007-9},
  url = {http://www.sciencedirect.com/science/article/pii/B9780123809247100079},
  author = {Daniel L. Purich}
}

@article{Warren-1966,
  doi = {10.1021/bi00869a036},
  url = {https://doi.org/10.1021/bi00869a036},
  year = {1966},
  month = may,
  publisher = {American Chemical Society ({ACS})},
  volume = {5},
  number = {5},
  pages = {1702--1707},
  author = {James C. Warren and Sarah G. Cheatum},
  title = {{E}ffect of {N}eutral {S}alts on {E}nzyme {A}ctivity and {S}tructure},
  journal = {Biochemistry}
}